2986 4800
727 207 767 267 98

108 409 175 474 nim
191 409 260 473 iure
277 407 358 472 dicit
374 407 612 471 Welckerus
628 408 727 491 (apud
742 409 925 491 zoegam,
948 408 971 470 l.
991 430 1019 471 ο.
1036 432 1067 492 p.
1086 413 1148 472 264
1164 410 1392 492 N.),·Schel-

107 527 228 612 lingii
244 527 481 592 derivat-ionem
497 527 538 590 ab
550 538 633 610 ῦῗὲῐς
644 539 708 619 istit}
724 532 902 615 μακρόθυρος
910 535 1044 612 propter
1055 527 1240 592 litterarum
1251 551 1390 592 concen-

106 655 175 712 tum
194 648 382 730 elegantem
397 647 502 710 videri
517 653 616 729 atque
632 653 774 710 acutam.
821 647 861 710 Id
876 647 982 710 solum
1001 656 1071 711 erat
1086 648 1289 731 ambiguum,
1311 671 1391 731 quo·

104 767 202 830 modo
219 769 364 831 Jehovae
383 789 503 830 nomen
523 766 564 829 ad
581 766 764 829 Phoenices
781 765 900 830 deferri
920 773 954 830 et
970 768 1133 849 quomodo
1152 770 1281 831 Phanas
1297 775 1389 847 „tar-

105 887 166 949 dus
188 887 229 949 ad
251 886 357 950 iram“
380 886 490 950 vocari
509 885 685 968 potuisset.
731 886 830 949 Nunc
845 909 921 950 vero
943 889 1176 970 huncquoque
1198 889 1386 972 scrupulum

105 1005 390 1069 Delitzschius
421 1005 502 1068 mihi
533 1005 670 1083 exemit,
703 1005 758 1088 qui
781 1006 922 1069 fortasse
948 1007 1131 1071 Gabbalam
1154 1006 1265 1092 potius
1292 1031 1388 1090 quam

31 1171 40 1190 .
105 1126 212 1188 Vetus
229 1125 476 1189 Testamentum
498 1128 558 1189 hac
581 1124 664 1188 inre
685 1125 869 1188 adeundam
890 1147 961 1190 esse
983 1149 1035 1190 me
1051 1128 1196 1191 doceret.
1242 1128 1285 1190 In
1305 1127 1388 1191 libro

106 1244 190 1308 enirn
208 1247 313 1309 Sohar
335 1253 435 1330 eaput
454 1244 715 1308 illiusHominis
733 1244 910 1323 Coelestis,
935 1247 990 1329 qui
1012 1268 1052 1310 ex
1073 1247 1187 1310 decem
1209 1248 1389 1332 Sephiroth

106 1372 253 1444 constat,
276 1367 462 1450 appellatur
477 1377 565 1460 7²¹5?ss
581 1378 662 1456 aaut}
679 1365 870 1449 Arikanpen
885 1368 918 1429 h.
931 1388 959 1429 e.
977 1367 1094 1450 Longa
1109 1367 1236 1445 Facies,
1260 1375 1388 1431 ceterae

105 1493 215 1549 autem
231 1508 349 1549 novem
366 1485 545 1570 Sephiroth
561 1497 647 1580 mtt-
663 1495 735 1578 'ttyjj
750 1487 784 1547 h.
800 1507 827 1548 e.
846 1487 952 1550 Parva
967 1488 1019 1549 vel
1040 1486 1151 1549 Brevis
1168 1487 1295 1550 Facies.
1328 1489 1389 1550 Est

104 1612 214 1668 autem
233 1605 290 1668 ille
308 1605 498 1689 Arikanpen
515 1607 568 1669 vel
585 1606 779 1690 Erekappen
797 1608 901 1684 Aeon,
923 1628 964 1669 ex
980 1629 1043 1689 quo
1061 1629 1173 1669 omnes
1189 1629 1240 1669 res
1258 1629 1388 1671 emana-

105 1727 253 1788 verunt.¹
292 1725 411 1789 Nonne
428 1724 531 1807 igitur
546 1725 714 1809 aptissime
731 1726 924 1789 Hellanicus
940 1726 1134 1803 Phanetem,
1152 1737 1259 1814 σπέρμα
1275 1738 1389 1815 φέροντα

103 1853 184 1928 θεῶν,
200 1847 262 1907 hoo
279 1845 409 1907 nomine
427 1866 540 1906 ornare
557 1844 687 1928 potuit?
728 1845 902 1908 Quomodo
918 1853 1029 1908 autem
1046 1845 1134 1908 illius
1150 1846 1284 1909 termini
1301 1846 1386 1909 Cab-

103 1963 247 2026 balistioi
264 1963 416 2027 notitiam
432 1964 625 2047 accepisset,
644 1964 707 2026 nisi
722 1965 791 2048 ipse
809 1973 900 2027 ortus
916 1964 1035 2027 fuisset
1051 1987 1091 2027 ex
1104 1966 1283 2029 Phoenicia
1294 1967 1385 2029 Gali·

102 2084 193 2146 laeae
210 2083 370 2147 finitima?

189 2203 249 2266 His
274 2203 375 2286 igitur
401 2203 571 2267 omnibus²
597 2211 728 2266 tantum
753 2203 928 2287 impetrare
954 2204 1035 2267 mihi
1057 2204 1184 2283 videor,
1211 2212 1250 2267 ut
1275 2227 1386 2268 omnes

103 2325 303 2401 concedant,
327 2325 433 2386 multa
448 2323 482 2386 in
498 2325 559 2385 hac
577 2323 721 2407 Orphica
738 2322 930 2406 ‘theogonia
945 2323 1097 2402 inveniri,
1120 2347 1202 2406 quae
1219 2334 1385 2388 auctorem

103 2444 173 2526 ejus
195 2451 228 2505 et
245 2443 393 2506 Stoicum
409 2443 641 2527 philosophum
666 2449 700 2504 et
715 2443 915 2506 Phoenicem
933 2443 1034 2508 fuisse
1052 2445 1258 2508 confirment.
1307 2444 1386 2507 Cum

102 2672 261 2720 nominatum
280 2685 336 2718 esse
355 2668 468 2731 conjicit.
493 2665 558 2716 ·Sed
577 2667 664 2715 nescio
687 2682 748 2715 num
773 2668 853 2716 nostri
872 2668 1043 2732 Aegyptologi
1062 2683 1150 2717 revera
1171 2669 1197 2716 in
1216 2671 1385 2718 monumentis

102 2757 151 2806 hoe
169 2772 262 2805 nomen
285 2756 434 2819 repererint.
470 2755 558 2816 Zoega
580 2762 717 2816 propterea
739 2754 764 2801 in
788 2754 854 2802 hane
879 2754 1061 2802 derivationem
1083 2754 1182 2813 incidit,
1208 2754 1276 2816 quod
1294 2755 1386 2802 Malela

102 2842 237 2905 Erieapaei
256 2855 350 2890 nomen
368 2829 548 2902 interpretatur
567 2836 697 2908 ζωοῦοτήρ
726 2838 772 2902 (of.
791 2839 854 2888 Lon
874 2840 936 2902 Api.
957 2841 976 2887 I
992 2857 1021 2903 p.
1042 2839 1112 2902 479).
1149 2838 1277 2901 Equidem
1301 2841 1385 2888 eadem

102 2928 227 2977 adductus
251 2926 457 2976 consideratione
482 2925 621 2986 aliquando
645 2924 758 2972 radicem
776 2931 834 2998 ιρι-ῃ
854 2925 939 2972 fovere
958 2924 1128 2972 adhibendam
1150 2925 1248 2986 putavi.
1286 2923 1385 2976 Cumtt

103 3014 170 3061 enim
198 3014 312 3076 praefixo
341 3012 436 3074 fingere
458 3010 520 3058 licet
547 3010 731 3058 substantivum
756 3017 835 3079 anat<
860 3010 982 3073 Archaph
1008 3010 1034 3058 h.
1054 3024 1076 3058 e.
1106 3011 1128 3058 is
1151 3010 1197 3072 qui
1222 3011 1300 3059 fovet.
1338 3009 1385 3058 Sed

103 3099 195 3158 obstat,
216 3100 283 3161 quod
304 3113 355 3146 non
374 3094 507 3154 Hercules,
527 3094 569 3156 qui
589 3109 664 3142 ovum
683 3095 765 3157 gignit
784 3104 808 3143 et
826 3096 902 3155 fovet,
925 3097 962 3144 ita
980 3095 1131 3159 appellatur,
1151 3096 1196 3143 sed
1215 3095 1326 3154 Phanas,
1345 3094 1385 3156 qui

104 3199 136 3232 ex
155 3199 202 3232 ovo
221 3184 341 3232 nascitur.

173 3265 182 3296 ¹
200 3270 343 3328 Franck‚
363 3270 414 3318 Die
426 3268 546 3317 Kotdclo
565 3266 659 3328 (tibere.
679 3283 703 3314 ο.
722 3267 837 3324 (Pellaeis,
856 3266 960 3330 Deipaiq
979 3265 1064 3331 1844),
1079 3285 1109 3331 ρ.
1128 3272 1173 3315 136
1187 3268 1266 3315 Ν.’2;
1287 3258 1381 3318 nitran

103 3361 212 3424 pronun
235 3345 325 3406 nbtz'fl
348 3361 413 3406 situ
437 3362 513 3422 mitt
532 3362 603 3429 'i'tttt
626 3362 696 3423 nupt
720 3361 810 3407 amri.
848 3353 897 3403 Hie
919 3356 997 3418 igitur
1018 3357 1086 3406 idem
1109 3357 1220 3405 occurrit
1237 3355 1382 3406 vocabulum

103 3432 178 3516 chit,
193 3435 245 3504 quo
263 3455 340 3502 snpra
358 3440 429 3487 iilum
443 3440 562 3488 Ulomuni
578 3457 594 3488 a
609 3441 704 3490 Mocho
723 3441 871 3503 insignitum
890 3456 946 3489 esse
963 3442 1080 3490 vidimus.
1113 3439 1233 3490 Ceterum
1252 3442 1385 3491 admodum

103 3528 150 3575 crit
169 3535 310 3575 memoratu
330 3525 446 3586 dignum,
473 3526 493 3573 si
518 3525 566 3573 hae
591 3527 701 3575 nominis
720 3525 861 3588 Eraeapaci
885 3527 1040 3576 derivatione
1063 3527 1230 3592 virisdoctis
1249 3509 1388 3591 approbati

102 3613 154 3660 iarn
178 3613 281 3661 saeculo
305 3626 328 3658 a.
349 3609 396 3658 Ch.
421 3612 533 3659 secundo
556 3612 692 3660 terminum
716 3612 788 3661 illum
812 3614 838 3661 in
861 3610 976 3661 Cabbala
999 3613 1102 3661 obvium
1124 3621 1176 3661 tam
1199 3614 1288 3662 tritum
1311 3614 1385 3661 fuisse

103 3700 239 3760 evincatur,
259 3699 331 3747 utin
351 3697 506 3747 Phoenicum
527 3699 719 3760 cosmogoniam
738 3712 855 3746 emanare
874 3700 994 3762 potuerit.
1031 3700 1070 3748 Ita
1089 3700 1156 3747 enim
1175 3700 1227 3746 iam
1245 3714 1299 3748 non
1318 3698 1385 3747 dubi·

103 3786 219 3845 tandum,
247 3786 306 3846 quin
332 3784 405 3832 istius
423 3783 549 3831 Judaicae
567 3782 746 3845 philosophiae
770 3784 909 3846 primordia
926 3785 964 3833 vel
989 3786 1020 3833 ad
1038 3785 1255 3833 Maccahaeorum
1274 3791 1385 3846 tempora

103 3871 245 3918 revocanda
264 3871 323 3918 sint.
346 3916 348 3919 .

172 3950 182 3980 ²
200 3955 269 4001 Addi
284 3955 391 4003 fortasse
405 3962 498 4017 potest,
518 3955 584 4015 quod
599 3953 722 4002 Hercules
735 3962 761 4003 et
774 3955 874 4003 Phanas
887 3961 912 4003 et
923 3955 968 4003 illa
986 3952 1054 4026 ἄλλη
1068 3954 1143 4024 γενεή
1157 3955 1202 4017 (ef.
1213 3955 1255 4019 ρ.)
1277 3955 1386 4019 speeiem

103 4039 222 4087 habuisse
241 4041 412 4102 serpentinam
425 4041 551 4098 dicuntur,
572 4053 629 4086 eum
643 4039 785 4088 Phoenices
804 4041 929 4103 imprimis
948 4048 974 4090 et
986 4042 1106 4104 Aegyptii
1126 4048 1271 4104 serpentem
1288 4054 1387 4089 sacrum

103 4126 223 4173 duxerint
242 4125 274 4172 cf.
295 4126 421 4175 Sanctus.
438 4143 467 4189 ρ.
488 4131 533 4172 4⁴:
558 4120 612 4192 Τὴν
631 4124 678 4192 μὲν
696 4122 739 4174 οὖν
757 4129 801 4176 τοῦ
820 4121 963 4196 Δράκοντος
980 4125 1052 4196 φύσιν
1070 4124 1114 4177 καὶ
1132 4133 1183 4176 τῶν
1201 4124 1288 4196 ὀφέων
1313 4124 1387 4178 αὐτὸς
1408 4111 1409 4114 ¹

104 4208 247 4270 ἐξεθεὶοοεν
271 4209 284 4260 ὁ
304 4206 419 4266 Τάουτος
436 4209 481 4260 καὶ
505 4206 559 4278 μετ’
579 4207 655 4260 αὐτὸν
680 4207 752 4266 αὖθις
770 4207 886 4267 Φοίνικες
903 4229 931 4262 τε
955 4210 999 4262 καὶ
1018 4207 1148 4280 Αἰγύπτιοι
1168 4249 1262 4261 .....
1284 4211 1322 4262 διὸ
1344 4208 1387 4260 καὶ

104 4297 130 4347 ἐν
150 4296 226 4368 ἱεροῖς
244 4301 319 4347 τοῦτο
337 4295 366 4346 τὸ
384 4295 448 4353 ζῶον
465 4296 509 4346 καὶ
528 4295 554 4346 ἐν
571 4294 715 4367 μυστηρίοις
728 4294 949 4367 ουμπαρεὶληπτοι
962 4335 969 4347 .
984 4335 990 4347 .
1006 4334 1012 4348 .
1027 4294 1142 4352 Φοίνικες
1161 4296 1188 4347 δὲ
1208 4293 1272 4346 αὐτὸ
1291 4292 1386 4365 ἀγαθὸν

104 4380 212 4451 δαίμονα
229 4382 358 4434 καλοῦσιν.
