2986 4800
659 217 830 311 *cc—

104 418 190 502 apud
205 417 422 481 Plutarchum
438 417 479 481 de
492 418 581 481 Mus.
596 439 625 480 c.
637 417 684 479 V:
703 426 863 506 ἐζηλωκέναι
878 425 943 504 φασὶ
955 425 1001 484 τὸν
1016 423 1110 501 Tapae
1157 444 1189 480 ου
1207 417 1326 498 Ὁμήρου
1342 421 1387 497 μὲν

101 547 136 606 τὰ
158 545 226 625 ἔπη,
246 542 370 623 Ὀρφέως
392 546 471 606 δὲτὰ
485 547 564 626 μέλη.
588 548 604 606 l
620 544 647 606 δ’
658 543 777 625 Ὀρφεὺς
796 545 892 605 οὐδένα
907 543 1027 625 φαίνεται
1041 542 1183 622 μεμιμημέ
1225 532 1269 615 l·¹
1316 529 1386 593 Ηθθ

103 663 213 720 autem
228 655 349 739 posito,
373 655 574 740 quidnobis,
597 659 745 736 obsecre,
766 655 992 719 similitudinis
1011 660 1118 717 restat
1132 651 1254 716 veteris
1270 656 1385 735 poetae

102 775 316 840 sacerdotalis
333 782 367 839 et
382 775 480 861 lyrici
495 783 594 860 atque
609 776 802 841 recentioris
817 775 986 860 theologi,
1010 774 1066 858 qui
1080 771 1295 858 genealogias
1312 771 1384 833 deo-

102 895 339 960 rumcarmine
360 897 462 979 longo
484 903 518 960 et
539 896 630 980 epico
654 903 688 960 et
707 896 841 960 minime
862 895 1041 959 decantatu
1064 893 1099 957 in
1120 891 1223 956 sacris
1244 889 1382 974 publicis

102 1024 179 1101 apto
203 1016 423 1079 enarraverit?
468 1016 503 1080 Si
524 1015 627 1099 igitur
646 1016 731 1080 vixit
752 1016 906 1100 Orpheus
927 1015 1054 1079 Pierius
1075 1020 1110 1077 et
1130 1013 1159 1075 si
1180 1034 1264 1095 quae
1287 1010 1330 1074 ab
1351 1032 1381 1072 eo

103 1143 304 1220 propagatae
320 1142 398 1199 sunt
414 1136 595 1214 doctrinae,
613 1158 717 1220 usquc
733 1136 812 1200 dum
827 1159 847 1199 a
862 1134 1073 1218 Theogoniac
1089 1133 1250 1216 scriptore
1266 1129 1382 1194 litteris

103 1256 352 1335 mandarentur,
382 1263 470 1320 certe
492 1256 591 1321 hodie
612 1257 776 1321 neminem
797 1263 868 1319 tam
889 1256 1044 1340 lynceum
1064 1275 1136 1318 esse
1157 1252 1330 1330 existimo,
1351 1257 1383 1312 ut

103 1375 172 1458 ejus
189 1375 398 1460 cognationis
412 1376 547 1460 aliquod
562 1376 743 1461 vestigium
757 1375 864 1460 possit
879 1375 1047 1458 indagare.

189 1497 272 1559 Cum
288 1496 391 1580 igitur
408 1497 473 1561 iam
489 1505 640 1582 apertum
655 1497 716 1575 sit,
740 1495 919 1581 Orphicam
935 1494 1159 1579 Theogoniam
1174 1515 1283 1577 neque
1300 1492 1381 1554 Ono-

102 1616 232 1680 macriti
250 1616 456 1700 temporibus
478 1618 635 1701 scriptam
659 1639 731 1681 esse
752 1639 857 1700 neque
881 1617 951 1679 ullo
972 1616 1071 1679 modo
1095 1612 1293 1697 implicitam
1318 1631 1381 1675 esse

103 1757 177 1799 cum
199 1736 400 1820 antetrcjani
419 1737 545 1820 Orphei
567 1737 741 1816 doctrinis,
765 1737 987 1820 quaerendum
1008 1741 1076 1814 est,
1099 1756 1243 1817 quonam
1263 1753 1380 1827 corum,

103 1877 186 1938 quae
204 1856 240 1918 in
255 1855 362 1919 medio
379 1857 488 1940 posita
503 1863 596 1935 sunt,
619 1859 750 1920 saeculo
772 1862 888 1921 auctor
909 1857 979 1939 ejus
995 1854 1124 1918 vixerit.
1171 1854 1299 1916 Verum
1316 1872 1382 1915 cum

103 1975 202 2040 hodie
217 1975 272 2038 vix
288 1975 461 2059 quisquam
482 1978 589 2041 adhuc
606 1976 753 2055 dubitet,
776 1977 856 2060 quin
877 1975 988 2039 studia
1007 1974 1210 2058 theogonica
1228 1973 1283 2037 vel
1300 1978 1382 2036 certe

101 2095 356 2181 theogoniarum
366 2096 531 2160 confectio
543 2104 657 2161 secuta
667 2097 712 2160 sit
721 2095 897 2160 Homerica
913 2095 1068 2174 carmina,
1086 2095 1194 2159 solum
1210 2089 1383 2177 disceptari

102 2215 242 2300 poterit,
273 2225 385 2279 utrum
410 2217 557 2301 Orphica
587 2241 628 2281 an
652 2216 818 2282 Hesiodea
841 2216 1035 2300 Theogonia
1064 2215 1154 2299 prius
1182 2212 1381 2297 scriptasit.

102 2334 265 2417 Equidem
288 2343 327 2398 ut
351 2307 435 2399 hanc
459 2337 518 2400 illa
542 2336 761 2419 antiquiorem
784 2344 916 2420 putem,
945 2336 997 2400 his
1021 2334 1204 2400 rationibus
1230 2333 1381 2397 adducor.

102 2455 250 2517 Primum
264 2455 331 2517 iam
346 2457 460 2538 supra¹
477 2456 638 2520 monitum
655 2465 717 2539 est,
735 2457 876 2521 fortasse
892 2456 926 2520 in
942 2455 1088 2540 Orphica
1097 2454 1292 2539 Theogonia
1307 2474 1381 2515 non·

103 2576 212 2639 nullas
228 2574 357 2638 fabulas
373 2575 528 2660 pinguius
544 2584 579 2641 et
594 2577 723 2661 turpius
739 2601 837 2661 quam
858 2577 892 2640 in
907 2576 1073 2641 Hesiodea
1089 2582 1257 2639 enarratas
1277 2571 1381 2636 fuisse.

102 2694 144 2758 Id
161 2695 247 2777 quod
259 2681 472 2760 imitatorum
488 2696 594 2782 magis
616 2705 667 2762 est
683 2721 780 2781 quam
797 2696 849 2761 sui
863 2696 988 2781 ingenii
1003 2697 1213 2781 scriptorum.
1231 2739 1233 2742 -
1260 2691 1382 2793 Deinde

103 2814 276 2879 fatendum
292 2816 424 2899 quidem
446 2824 513 2897 est,
535 2819 695 2882 nonnulla
712 2817 906 2901 praesertim
928 2818 989 2881 sub
1009 2815 1140 2880 initium
1157 2813 1311 2879 carminis
1327 2813 1381 2874 Or·

58 2968 67 2979 ·
102 2934 191 3018 phici
205 2935 354 3014 inveniri,
372 2959 454 3019 quae
464 2936 664 3021 simpliciora
679 2944 714 3000 et
723 2944 897 3022 propterea
911 2935 1096 3019 antiquiora
1105 2934 1282 3008 videantur
1292 2951 1381 3015 quam

104 3077 185 3137 quac
202 3056 243 3119 ab
254 3055 401 3140 Hesiodo
416 3056 450 3120 in
466 3057 736 3140 genealogiarum
752 3056 885 3120 exordio
902 3057 1011 3139 posita
1027 3056 1106 3134 sint,
1123 3053 1229 3119 veluti
1245 3053 1380 3116 Noctem

103 3178 161 3257 p'ro
179 3174 287 3252 Chao,
311 3175 510 3258 peculiarem
527 3177 652 3241 Oceani
674 3184 708 3241 et
723 3178 870 3261 Tethyos
891 3175 1079 3261 dynastiam
1095 3176 1240 3238 Homero
1261 3189 1379 3255 quoque

104 3295 335 3376 approbatam,
359 3294 508 3375 Amoris,
532 3295 588 3379 qui
608 3295 672 3359 iam
689 3297 962 3380 philosophorum
978 3287 1126 3379 argutias
1142 3293 1308 3370 redoleat,
1330 3289 1378 3353 ab·

103 3411 256 3475 sentiam.
281 3414 347 3476 Sed
362 3413 507 3478 vicissim
523 3414 622 3478 ctiam
639 3417 727 3498 apud
737 3417 907 3499 Orpheum
923 3387 1084 3498 quaedam
1100 3418 1288 3490 occurrunt,
1305 3427 1377 3494 quae

104 3533 176 3615 ejus
185 3539 336 3615 tempora
346 3533 487 3596 cultiora
503 3535 652 3619 etmagis
667 3535 701 3598 in
712 3535 935 3619 sophistarum
951 3534 1077 3598 artibus
1094 3533 1277 3596 exercitata
1288 3528 1377 3592 fuisse

104 3675 202 3734 quam
218 3652 383 3730 Hesiodea
399 3653 479 3716 satis
494 3655 647 3741 prodant.
693 3655 712 3717 J
715 3677 810 3718 ovem
833 3653 919 3718 enim
934 3654 1007 3718 dico
1014 3703 1025 3733 ,
1048 3653 1185 3738 quinon
1201 3654 1310 3717 solum
1329 3646 1377 3714 illo

105 3746 238 3854 hymno¹
251 3775 367 3855 supra³
392 3744 560 3856 apposite,
587 3774 646 3837 sed
670 3773 770 3837 etiam
796 3774 1073 3837 totiuscarminis
1098 3780 1266 3837 structura
1290 3778 1377 3872 atque

107 3890 263 3953 consilio⁴
288 3900 419 3975 praeter
439 3892 576 3956 Homeri
601 3900 635 3956 et
656 3893 794 3957 Hesiodi
822 3893 1093 3959 consuetudinem
1117 3893 1166 3958 ita
1187 3893 1306 3982 ceteris
1327 3886 1377 3952 diis

163 3997 282 4005 -ῃ

1087 4034 1093 4041 0

175 4042 184 4072 ¹
204 4047 289 4098 Sahal.
308 4051 441 4114 Arichqah.
461 4053 530 4116 ch.
550 4055 579 4098 9:
599 4046 671 4117 νόμοι
689 4047 718 4100 δὲ
735 4047 874 4100 καλοῦνται
892 4048 915 4100 ol
934 4049 970 4105 εἰς
988 4046 1063 4107 θεοὺς
1081 4045 1178 4118 ὕμνοι.

173 4127 224 4279 ἓξ.
245 4138 268 4266 Ξ,
288 4134 419 4267 cf.4qtiam
435 4136 570 4199 Prcllcr,
589 4139 709 4186 Demeter
725 4138 777 4187 aad
794 4136 1117 4203 Persephone‘OEambcry
1137 4134 1225 4198 1837),
1240 4154 1271 4201 p.
1290 4137 1331 4182 46.

173 4235 305 4367 ⁴Jupirir
328 4304 359 4353 ab
383 4306 540 4357 Adrastea
563 4308 673 4360 nutritur
692 4307 766 4373 (Ayl.
783 4327 812 4373 p.
833 4309 904 4370 514),
929 4309 1021 4358 deinde
1045 4309 1146 4357 adultus
1164 4309 1265 4357 Metin
1288 4301 1377 4355 consilii

69 4461 71 4466 Ι
105 4389 185 4452 patris
203 4391 348 4454 expellendi
366 4393 464 4442 cociam
482 4393 530 4443 cibi
548 4396 657 4444 assumit
674 4395 809 4460 (Apellea.
828 4397 887 4446 bill.
902 4395 926 4455 I,
939 4400 964 4443 2.
981 4400 1002 4443 1.
1031 4395 1134 4444 Etenim
1152 4395 1217 4444 hacc
1234 4384 1290 4443 non*
1303 4393 1377 4441 minuc
