2986 4800
723 192 763 252 30

99 395 253 488 junctira
268 394 429 458 vocabulo
446 403 532 480 ἠέλιον
546 393 661 456 addita
676 393 817 478 epitheti
833 394 907 456 loco
921 394 1083 457 habere?¹
1108 394 1228 457 Nonne
1241 394 1289 456 ita
1302 394 1384 476 opti·

103 537 176 577 mus
198 535 313 577 sensus
335 513 454 591 oritur,
478 512 504 574 si
526 521 604 595 post
624 511 711 595 ignis
734 524 769 576 et
790 533 911 595 aquae,
934 521 1041 576 terrae
1063 520 1098 576 et
1123 513 1207 576 coeli
1232 512 1385 597 syzygias

104 638 314 717 opponuntur
329 633 407 695 luna
424 641 459 695 et
474 632 524 694 sol
533 679 542 708 ,
565 631 757 714 splendidus
774 632 858 695 lucis
879 632 1034 715 largitor,
1057 632 1254 695 tenebrosae
1277 632 1385 696 nocti?

102 754 221 835 Itaque
240 750 372 814 illorum
388 757 497 838 ’Ὀρκων
512 751 693 813 auctoritas
709 751 792 814 nihil
809 752 900 815 valet
921 751 963 815 ad
978 752 1244 835 Rhapsodiarum
1261 753 1386 816 Phane-

101 880 171 935 tem
193 880 271 934 ante
293 870 437 934 Theonis
458 877 608 953 tempora
629 870 855 952 rejiciendum.
890 873 963 934 Nec
984 880 1097 935 tamen
1116 893 1250 954 prorsus
1271 870 1386 934 inutile

102 991 172 1054 eins
194 989 361 1053 Platonici
382 989 610 1052 testimonium
633 988 774 1052 videtur.
810 991 858 1054 Ut
880 990 966 1053 enim
989 990 1038 1053 illi
1061 989 1198 1075 Orphici
1217 1011 1333 1053 versus
1354 1011 1385 1053 re

102 1131 179 1173 vera
194 1109 278 1172 nihil
294 1110 334 1172 de
349 1117 463 1172 nostro
478 1110 627 1171 Phanote
642 1109 795 1192 prodant,
812 1116 925 1173 tamen
938 1110 1028 1173 Theo
1043 1111 1244 1193 Smyrnaeus
1261 1131 1318 1173 eos
1331 1109 1385 1172 ali·

103 1229 182 1312 quid
206 1229 343 1312 prodere
367 1228 520 1310 opinatus
546 1236 608 1291 est.
648 1229 799 1292 Noverat
818 1229 919 1312 igitur
940 1231 1122 1293 Phanetem
1143 1251 1161 1291 a
1183 1229 1263 1293 Sole
1284 1229 1385 1293 diver·

101 1371 187 1411 sum.
220 1348 303 1412 Quis
320 1355 430 1411 autem
445 1347 473 1409 is
489 1369 561 1411 esse
577 1347 688 1429 potuit
703 1348 768 1411 nisi
783 1349 885 1412 Motis
905 1350 957 1412 vel
974 1348 1202 1432 Eracapaeus?
1233 1350 1285 1411 At
1303 1349 1383 1412 unde

101 1468 191 1531 Theo
209 1468 278 1531 eius
294 1467 448 1531 notitiam
465 1467 614 1549 accepit?
645 1467 810 1530 Nimirum
826 1490 866 1531 ex
883 1468 997 1532 eodem
1014 1468 1124 1545 fonte,
1143 1487 1184 1531 ex
1200 1490 1267 1549 quo
1284 1469 1384 1530 Athe·

102 1609 259 1669 nagoras,
283 1587 410 1650 Theoni
430 1586 498 1648 fere
522 1594 734 1663 coaetaneus,
757 1586 849 1650 illam
871 1587 1024 1670 sumpsit.
1056 1586 1190 1650 Etenim
1212 1608 1253 1649 ex
1275 1587 1384 1649 multis

101 1705 184 1768 locis
202 1705 460 1788 supplicationis
477 1727 495 1766 a
512 1704 699 1767 Christiano
717 1707 894 1789 apologeta
914 1706 1168 1789 imperatoribus
1184 1708 1233 1769 M.
1253 1706 1382 1770 Aurelio

104 1834 138 1886 et
153 1824 193 1886 L.
213 1823 394 1886 Commodo
414 1847 443 1886 a.
462 1824 676 1887 CLXXVIP
697 1824 814 1888 missae
838 1835 991 1910 apparet,
1013 1835 1085 1890 tum
1106 1825 1267 1909 temporis
1290 1849 1383 1909 quan·

103 1942 179 2005 dam
196 1942 375 2027 Orphicam
392 1943 619 2026 Theogoniam
637 1944 867 2027 pervulgatam
890 1945 1008 2024 fuisse,
1031 1945 1065 2010 in
1088 1969 1152 2029 qua
1173 1954 1306 2029 praeter
1327 1944 1385 2008 alia

46 2124 50 2130 .
102 2061 240 2126 mirifica
264 2061 398 2126 numina
423 2061 521 2126 etiam
547 2065 677 2127 Phanes
703 2085 743 2126 ex
768 2065 839 2127 Oro
865 2074 962 2128 natus
991 2065 1025 2128 in
1055 2087 1187 2128 scenam
1216 2064 1381 2150 prodierit.

100 2182 260 2264 Magnam
282 2189 392 2246 autem
416 2191 512 2245 nacta
536 2191 606 2246 erat
627 2183 873 2248 auctoritatem.
913 2185 954 2247 Id
976 2186 1063 2269 quod
1084 2185 1160 2247 inde
1184 2183 1383 2267 collegerim,

102 2302 190 2383 quod
207 2304 439 2385 Athenagoras
462 2324 501 2365 ex
523 2301 603 2386 ipsis
625 2303 666 2365 de
688 2302 750 2365 diis
773 2302 895 2366 fabulis
918 2326 1028 2367 earum
1050 2304 1234 2367 vanitatem
1257 2303 1384 2366 demon·

103 2428 265 2483 straturus
282 2444 348 2483 non
364 2420 427 2484 nisi
447 2421 535 2485 notis
558 2429 593 2485 et
612 2423 653 2485 ab
676 2423 827 2486 omnibus
845 2424 979 2486 Graecis
997 2423 1220 2506 Romanisque
1241 2422 1384 2508 probatis

103 2536 252 2601 fontibus
270 2539 321 2602 uti
336 2540 457 2624 potuit.
490 2542 609 2624 Itaque
625 2565 817 2624 persuasum
834 2542 863 2605 ei
883 2543 984 2606 fuerit
1004 2566 1139 2607 necesse
1160 2551 1229 2621 est,
1254 2549 1384 2627 impera·

103 2664 208 2735 tores,
236 2682 372 2741 quorum
398 2660 614 2724 eruditionem
640 2661 793 2724 laudibus
819 2663 969 2741 extollit,
995 2671 1125 2747 praeter
1149 2662 1333 2725 Homerum
1356 2668 1385 2722 et

103 2775 286 2842 Hesiodum
303 2779 401 2842 etiarn
418 2781 588 2864 Orpheum
605 2803 670 2843 non
686 2790 877 2864 resputuros
900 2803 989 2860 esse,
1013 2805 1032 2844 a
1053 2805 1117 2864 quo
1134 2782 1300 2846 Homerus
1321 2789 1385 2844 tam

104 2896 210 2959 multa
232 2898 446 2980 accepisset³.
480 2898 713 2963 Quaerendum
732 2900 835 2983 igitur
857 2908 923 2980 est,
947 2908 1058 2964 utrum
1080 2923 1117 2964 ea
1139 2901 1267 2984 Orphei
1285 2902 1385 2964 'Pheo-

102 3015 198 3095 gonia
214 3026 310 3080 vetus
332 3018 391 3082 illa
411 3018 526 3097 fuerit,
549 3041 646 3102 quam
668 3019 732 3082 iam
750 3022 846 3083 Plato
870 3029 903 3084 et
920 3021 1120 3085 Aristoteles
1142 3019 1326 3094 triverunt,
1350 3041 1386 3081 an

104 3134 169 3197 alia
192 3137 385 3200 recentioris
412 3138 558 3220 originis.
601 3143 651 3202 Ac
675 3141 816 3223 primum
843 3140 974 3222 quidem
1000 3140 1128 3204 facilior
1152 3139 1235 3202 mihi
1259 3139 1386 3202 videtur

105 3253 298 3335 conjectura
314 3277 396 3332 esse,
413 3257 441 3319 si
454 3260 706 3340 Athenagoram
721 3283 820 3323 unam
836 3266 968 3323 tantum
979 3259 1159 3343 Orphicam
1174 3257 1385 3342 theogeniam

105 3370 237 3434 novisse
258 3381 455 3439 statuamus.
495 3377 599 3440 Nullo
622 3378 706 3441 enim
729 3379 802 3442 loco
825 3401 860 3442 se
883 3379 1029 3442 diversas
1053 3378 1145 3461 sequi
1167 3377 1312 3455 indicat,
1335 3375 1385 3439 sed

104 3489 192 3552 sicut
213 3514 315 3554 unum
333 3499 464 3557 tantum
480 3494 662 3560 Homerum
681 3506 715 3560 et
730 3498 924 3576 Hesiodum,
945 3497 992 3560 ita
1015 3499 1114 3561 etiam
1136 3518 1239 3559 unum
1261 3483 1386 3559 tantum

173 3660 241 3715 ¹cf.
261 3667 323 3730 Api.
340 3683 370 3730 p.
392 3670 441 3716 743
460 3678 485 3716 et
502 3669 609 3718 'heller
627 3671 645 3721 ι.
666 3688 699 3730 a,
717 3673 741 3730 Ι,
762 3672 840 3720 ran.
864 3676 886 3719 1.

172 3745 183 3778 ²
201 3748 242 3799 cf.
263 3749 430 3812 Gieseler,
449 3754 581 3803 Lehrbaoh
598 3757 644 3804 der
662 3758 914 3819 Kirchenperchichte
928 3758 963 3819 (4.
978 3758 1061 3822 Aust„
1073 3757 1149 3805 Bona
1163 3755 1251 3818 1844),
1271 3754 1385 3815 1,1‚roo

104 3840 129 3880 et
147 3832 238 3895 Otto,
257 3838 361 3902 Prolep.
383 3840 417 3887 ad
435 3841 614 3904 Athenagorae
632 3857 712 3905 opera
730 3841 823 3904 (Jonas
844 3840 920 3904 1857)
936 3859 966 3906 p.
986 3841 1116 3890 LXXIV.

173 3913 243 3967 ³cf.
262 3938 284 3971 c.
308 3927 382 3987 1712.
404 3929 448 3973 74:
472 3922 541 3994 φημὶ
564 3919 608 3974 οὖν
623 3918 723 3995 Ὀρφέα
745 3925 793 3975 aui·
802 3917 921 3995 Ὅμηρον
943 3924 988 3975 καὶ
1003 3921 1121 3976 Ἡσίοδον
1144 3921 1211 3974 εἶναι
1228 3923 1296 3983 ath,
1317 3942 1339 3974 c.
1360 3925 1385 3970 18

101 4019 130 4066 p.
150 4004 196 4050 84:
216 3996 237 4072 qi
256 4006 305 4067 (sc.
325 4007 442 4072 Orpheo)
466 4009 511 4060 καὶ
527 4002 647 4078 Ὅμηρος
664 4006 697 4059 τὰ
714 4007 798 4060 πολλὰ
816 4009 861 4060 καὶ
882 4010 940 4081 περὶ
963 4007 1032 4062 θεῶν
1048 3995 1161 4077 ’μάλιστα
1181 4007 1279 4060 ἕπεται.
1315 4006 1387 4072 Apud

104 4088 235 4137 Romanos
261 4091 293 4139 iis
319 4095 477 4156 temporibus
501 4094 633 4159 Orpheum
659 4108 779 4157 magnam
805 4102 909 4143 nactum
937 4110 993 4144 esse
1020 4095 1203 4155 celebritatem,
1232 4096 1311 4144 ctiam
1335 4093 1387 4142 eius

105 4173 191 4236 imago
215 4175 241 4222 in
263 4175 372 4227 Larario
390 4180 530 4229 Alexandri
555 4180 642 4230 Severi
667 4181 793 4229 collocata
818 4181 974 4246 (Lanprid,
992 4182 1070 4230 Alea.
1091 4181 1149 4229 Sec.
1169 4180 1216 4242 29)
1242 4178 1389 4242 comprobat

105 4266 131 4307 et
153 4259 270 4322 picturae
295 4260 498 4314 Christianorum
520 4267 547 4316 in
571 4266 728 4316 catacombis
752 4275 881 4329 repertae,
909 4266 953 4314 nbi
976 4265 1046 4314 hand
1068 4279 1126 4313 raro
1150 4262 1270 4328 Orpheus
1296 4263 1389 4312 fidicen

104 4345 224 4393 occurrit.
