2986 4800
790 196 808 256 6

716 282 887 290 ..—

155 401 254 482 παισίν)
276 397 400 462 tradita
422 405 543 476 essent,
567 396 615 460 ita
637 396 761 480 pergit:
793 405 880 470 οὕτως
893 401 938 464 οὖν
957 403 1012 464 κον)
1030 404 1145 470 ἐκείνους
1164 407 1225 483 ἡμῖν
1240 409 1257 484 ἡ
1273 407 1373 483 γένεσις
1392 408 1452 485 περὶ

155 525 257 586 τούτων
276 532 329 586 τῶν
348 527 420 587 θεῶν
439 527 526 607 ἐχέτω
548 525 592 585 καὶ
613 527 750 603 λεγέσθω·
778 525 832 603 Γῆς
851 548 882 583 τε
902 525 947 584 καὶ
962 521 1084 602 Οὐρανοῦ
1099 529 1193 592 παῖδες
1203 521 1335 592 Ὠκεανός
1355 549 1389 584 τε
1409 527 1452 586 καὶ

159 646 252 724 Τηθὺς
267 645 417 723 ἐγενέσθην,
435 645 537 705 τούτων
552 647 583 705 δὲ
599 640 708 722 Φόρκυς
722 641 829 722 Κρόνος
841 667 872 703 τε
887 643 933 703 καὶ
943 641 1013 704 Ῥέα
1028 645 1073 704 καὶ
1087 645 1145 704 ὅσοι
1161 645 1231 722 μετὰ
1245 644 1358 718 τούτων,
1375 645 1407 705 ἐκ
1422 648 1451 705 δὲ

157 761 266 842 Κρόνου
286 765 330 824 καὶ
340 762 423 830 Ῥέας
438 764 506 830 Ζεὺς
521 761 596 841 Ἥρα
609 787 641 824 τε
660 764 704 823 καὶ
717 759 817 830 πάντες
835 763 914 830 ὅσους
928 761 1004 842 ἴσμεν
1024 763 1158 842 ἀδελφοὺς
1173 749 1332 841 λεγομένους
1351 764 1449 838 αὐτῶν,

121 925 123 928 <
159 882 196 944 ἔτι
210 878 241 943 τε
256 883 357 943 τούτων
377 882 474 949 ἄλλους
488 883 617 960 ἐκγόνους.
651 874 743 936 Haec
758 875 933 938 Platonem
955 897 1022 938 non
1043 897 1085 937 ex
1100 875 1244 938 Homero
1267 874 1448 958 sumpsisse

160 1016 234 1057 cum
251 993 323 1056 aliis
340 993 380 1056 de
398 992 504 1056 causis
526 992 739 1056 manifestum
755 1000 807 1057 est
823 1000 896 1056 tum
910 1001 1095 1076 propterea,
1121 994 1209 1077 quod
1225 1015 1266 1056 ex
1280 992 1362 1076 ipsis
1381 993 1448 1057 eius

159 1112 268 1176 verbis
290 1113 500 1195 perspicuum
522 1120 583 1191 est,
608 1135 682 1176 eum
703 1112 917 1196 genealogias
940 1119 1093 1177 accurate
1115 1112 1310 1196 descriptas,
1335 1114 1447 1195 quales

56 1275 57 1279 =
159 1231 194 1295 in
217 1231 407 1314 theogoniis
432 1231 656 1311 inveniantur,
689 1238 766 1296 ante
796 1233 910 1295 oculos
939 1232 1105 1296 habuisse.
1155 1232 1322 1296 Hesiodus
1347 1231 1448 1315 igitur

160 1351 374 1416 arcessendus
395 1350 536 1415 videtur.
576 1353 624 1415 At
643 1350 728 1415 enim
752 1375 818 1415 non
840 1351 946 1429 video,
971 1375 1035 1435 quo
1052 1351 1120 1414 iure
1137 1352 1234 1414 Plato
1251 1350 1445 1428 Hesiodum,

159 1477 292 1554 poetam
303 1472 495 1548 Ascraeum,
506 1471 610 1554 patris
622 1471 762 1534 Cumani
769 1471 893 1535 filium¹
905 1493 943 1535 ac
954 1470 1109 1535 dissoluti
1117 1445 1236 1534 Persae
1246 1472 1445 1547 Mentorem,

159 1589 246 1654 inter
268 1591 404 1653 deorum
424 1590 547 1654 liberos
568 1612 738 1654 numerare
761 1589 920 1673 potuerit.
967 1591 1033 1654 Sed
1055 1588 1152 1673 quid?
1185 1575 1307 1652 Nonne
1331 1589 1447 1653 Suidas

160 1709 296 1772 Homeri
318 1716 352 1772 et
368 1708 507 1771 Hesiodi
528 1730 633 1791 genus
655 1709 696 1772 ab
714 1709 854 1773 Atlante
877 1709 995 1773 deduci
1016 1708 1139 1772 tradit?
1168 1709 1213 1771 Et
1235 1708 1355 1792 siquis
1377 1731 1448 1773 eam

161 1826 362 1891 sententiam
372 1826 506 1890 Platoni
516 1828 693 1891 obtrudere
704 1828 846 1906 dubitet,
864 1850 972 1891 nonne
984 1835 1160 1892 stemmata
1170 1835 1248 1891 sunt
1258 1852 1278 1892 a
1288 1829 1445 1905 Charace,

161 1947 321 2030 scriptore
332 1945 472 2030 Agonis,
487 1948 628 2009 Proculo
639 1946 819 2030 proposita,
835 1947 894 2011 ubi
903 1947 989 2025 Lini,
1002 1947 1138 2030 Orphei,
1151 1946 1301 2026 Hesiodi,
1313 1947 1448 2010 Homeri

161 2067 280 2150 stirpes
303 2066 344 2129 ad
359 2089 461 2129 unum
483 2073 678 2130 revocentur
694 2066 841 2131 divinum
863 2067 1029 2131 fonteml²
1056 2067 1151 2130 Neve
1174 2065 1368 2149 quisdicat,
1391 2068 1446 2129 has

159 2185 311 2277 inficetas
336 2207 407 2248 esse
433 2186 691 2268 genealogorum
716 2193 815 2250 artes.
862 2186 996 2251 Etenim
1021 2187 1163 2250 conficta
1187 2185 1246 2248 illa
1271 2192 1447 2250 stemmata

161 2328 244 2383 esse,
261 2328 356 2369 nemo
373 2304 522 2387 negabit,
545 2305 604 2368 sed
620 2327 683 2387 quo
699 2310 849 2388 tempore
866 2306 1009 2368 conficta
1024 2305 1101 2384 sint,
1125 2328 1191 2368 non
1207 2305 1254 2368 ita
1270 2305 1390 2388 liquet,
1412 2310 1447 2367 ut

160 2425 301 2488 fidenter
322 2425 509 2501 Platonem,
534 2445 607 2486 cum
629 2425 730 2487 verba
751 2447 848 2506 supra
870 2424 979 2506 posita
1002 2424 1180 2507 scripserit,
1204 2447 1243 2488 ea
1263 2424 1446 2508 respexisse

160 2542 349 2606 infitiemur.
375 2543 446 2606 Imo
463 2542 491 2604 si
506 2549 632 2606 certum
643 2549 704 2620 est,
724 2543 811 2626 quod
822 2544 1000 2607 Proculus⁸
1018 2544 1132 2629 tradit,
1149 2544 1214 2607 iam
1224 2544 1446 2621 Hellanicum,

160 2664 359 2741 Damasten,
388 2662 634 2746 Pherecydem*
668 2662 829 2726 eiusmodi
854 2662 979 2746 Orphei
1008 2634 1206 2726 etHesiodi
1235 2661 1447 2746 genealogias

161 2781 355 2866 protulisse,
376 2821 408 2829 —
428 2781 462 2845 id
478 2782 567 2865 quod
583 2781 707 2864 optime
725 2805 799 2846 cum
815 2782 972 2847 historiae
988 2783 1044 2847 vix
1058 2782 1144 2846 nidis
1165 2804 1318 2866 egressae
1338 2781 1448 2844 indole

161 2901 372 2986 moribusque
398 2900 572 2965 convenire
596 2903 763 2984 praeclare
788 2902 857 2987 ipse
882 2902 1072 2966 Lobeckius
1098 2903 1197 2966 docet
1223 2905 1267 2987 (p.
1291 2902 1379 2983 326),
1407 2903 1450 2949 —-'

160 3021 244 3085 nihil
266 3021 400 3085 molesti
423 3022 613 3104 conjectura
634 3023 753 3100 habet,
779 3021 880 3085 etiam
902 3021 936 3086 in
957 3021 1107 3085 Platonis
1133 3044 1250 3085 manus
1272 3021 1340 3084 tale
1362 3019 1449 3102 quod

161 3148 303 3205 stemma
322 3139 488 3217 incidisse,
513 3163 576 3223 quo
597 3140 763 3204 Hesiodus
786 3142 826 3204 ab
844 3143 990 3224 Orpheo,
1015 3142 1169 3224 Orpheus
1191 3142 1232 3205 ab
1255 3140 1366 3223 aliquo
1389 3140 1447 3203 deo

162 3259 329 3323 derivatus
339 3258 450 3322 fuerit.
468 3260 587 3343 Itaque
596 3261 770 3323 Platonem
780 3259 846 3323 illis
856 3270 929 3329 θεῶν
938 3269 1050 3346 ἐκγόνοις
1058 3261 1151 3324 nullo
1162 3259 1448 3323 modoHesiodum

162 3378 319 3442 denotare
335 3377 479 3442 voluisse
494 3401 562 3442 non
577 3380 682 3442 audeo
699 3378 819 3443 dicere.
852 3380 918 3442 Sed
933 3386 1047 3443 tamen
1062 3380 1168 3442 multa
1184 3386 1273 3458 sunt,
1292 3401 1376 3463 quae
1391 3400 1447 3441 nos

232 3583 241 3614 ²
259 3582 290 3638 Ε.
304 3604 330 3638 κ.
344 3580 370 3658 ἡ
389 3601 412 3634 ν.
428 3591 474 3643 631
490 3601 529 3650 sq.
553 3587 691 3636 Mortalem
707 3587 787 3637 fuisse
800 3587 909 3636 Hesiodi
927 3593 1035 3650 patrem,
1055 3602 1088 3636 ex
1105 3587 1155 3636 hoc
1173 3587 1232 3635 loco
1251 3586 1355 3636 abunde
1372 3591 1446 3650 patet

161 3669 238 3731 Quod
257 3679 342 3722 autem
361 3686 455 3721 nomen
468 3672 492 3720 ei
505 3671 591 3732 fuerit,
610 3679 695 3720 utrum
707 3687 734 3721 re
747 3687 807 3721 vera
818 3672 884 3721 Dius
903 3680 1008 3721 vocatus
1021 3673 1053 3721 sit
1070 3671 1142 3737 (nam
1158 3673 1343 3720 nonnullorum
1357 3670 1448 3720 Suidae

162 3758 280 3806 codicum
303 3758 441 3807 lectionem
465 3754 656 3826 γενεαλογεῖται
674 3753 740 3807 εἶναι
761 3760 806 3806 τοῦ
826 3748 884 3812 Διὸς
905 3757 957 3805 iam
975 3757 1195 3806 Ruhnkenius
1219 3758 1329 3807 mutavit
1346 3758 1374 3806 in
1393 3750 1449 3806 Δὶου

162 3842 196 3890 ef.
217 3842 289 3892 Suid.
310 3847 349 3894 ed.
363 3847 461 3894 Beroia
480 3859 500 3892 s.
514 3844 550 3906 ν.)
570 3857 604 3892 an
623 3857 681 3891 cum
698 3843 886 3904 Lobeckio,
907 3844 969 3907 Api.
986 3861 1016 3908 p.
1031 3848 1091 3904 326,
1110 3843 1160 3890 hoc
1178 3856 1274 3890 nomeu
1294 3857 1327 3891 ex
1345 3840 1450 3891 Hesiodi

162 3941 237 3976 versu
256 3926 277 3978 ἐ.
297 3946 322 3978 κ.
341 3924 368 4001 ἡ.
387 3946 411 3978 ν.
432 3934 481 3980 297
501 3937 586 3978 ortum
604 3943 660 3978 esse
679 3930 821 3992 putandum
840 3929 882 3989 sit,
902 3943 970 3977 nunc
988 3936 1076 3979 nostra
1094 3929 1159 3977 nihil
1177 3928 1295 3978 interest.

231 4009 301 4062 'De
319 4015 359 4064 his
377 4017 554 4066 stemmatibus
573 4016 607 4066 cs.
627 4017 690 4081 Api.
709 4034 737 4082 p.
758 4021 806 4064 322
819 4033 858 4082 sq.

232 4094 325 4163 ”Apa
341 4117 371 4164 p.
392 4107 450 4149 aaa.

230 4183 448 4235 ⁴Lobecliius
468 4187 499 4250 (l.
520 4206 542 4238 σ.
558 4206 588 4253 p.
609 4188 672 4252 324)
696 4188 745 4237 ait:
770 4187 945 4252 Pherecydem
968 4187 1075 4238 Hesiodi
1098 4201 1180 4250 genus
1203 4186 1235 4237 ab
1255 4185 1360 4249 Orpheo
1385 4183 1452 4233 deri-

161 4284 235 4320 vasse
254 4284 288 4318 ex
306 4270 358 4318 alio
377 4284 479 4333 qnoque
496 4272 555 4321 loco
573 4281 651 4337 patet,
670 4290 695 4324 ν.
714 4273 798 4324 Stura.
818 4290 844 4338 p.
865 4279 922 4323 103.
944 4301 973 4312 -
993 4273 1121 4336 Equidem
1139 4272 1202 4320 nihil
1220 4272 1350 4321 eiusmodi
1367 4270 1453 4334 reperi

162 4356 231 4421 apud
250 4354 430 4418 Simiam,
450 4359 604 4425 Pherecydis
612 4363 766 4426 fropmeetc
785 4361 836 4428 (ed.
857 4361 902 4422 alt,
916 4361 1022 4426 Itipsiae
1042 4358 1131 4422 1824).
