2986 4800
727 201 766 261 19

96 416 218 494 πρώτων
231 415 324 496 ἀρχῶν
337 428 417 487 quas
428 405 596 468 Eudemus
611 412 858 484 commemorat,
877 405 1008 469 silentio
1024 405 1213 488 praeterire,
1232 428 1305 470 cum
1316 405 1392 468 Ari-
1483 390 1486 395 ’

97 526 275 602 stoteles,¹
294 546 391 606 quem
402 547 457 588 eas
472 525 603 588 novisse
621 548 719 607 supra
728 525 881 604 vidimus,
898 527 995 602 Met,
1014 525 1110 603 XIV,
1127 530 1157 602 4,
1175 548 1208 607 p.
1222 528 1303 589 1091
1320 525 1354 587 b.
1371 528 1392 588 t

96 644 238 708 tertiam
263 643 431 707 omiserit?
464 645 551 706 Nam
571 644 681 709 verbis
703 655 728 712 ot
747 654 854 730 ποιηταὶ
874 655 898 713 οἱ
919 655 1025 734 ἀρχαῖοι
1042 653 1128 731 ταύτῃ
1147 652 1260 729 ὁμοίως,
1281 651 1300 732 ᾔ
1319 657 1392 730 βασι-

97 773 189 832 λεύειν
203 773 249 832 καὶ
264 770 356 853 ἄρχειν
370 772 487 849 paciaci
501 772 564 837 τοὺς
572 775 693 850 πρώτους
707 771 761 831 οἷον
775 770 855 833 νύκτα
864 773 910 832 acl
924 773 1034 850 οὐρανὸν
1048 773 1066 850 ἢ
1082 772 1176 853 χάοςῆ
1186 771 1313 844 ὠκεανόν,
1323 771 1393 830 ἀλλὰ

96 893 146 951 τὸν
166 892 217 952 Δία
238 889 307 945 tres
330 882 509 965 significari
531 883 730 946 clarissimos
752 891 884 966 poetas,
907 883 1104 959 Homerum,
1132 880 1187 963 qui
1210 882 1389 958 Oceanum,

99 1002 302 1079 Hesiodum,
329 1001 384 1084 qui
407 1002 527 1079 Chaos,
552 1003 733 1086 Orpheum,
761 1002 816 1085 qui
837 1003 982 1065 Noctem
1005 1001 1207 1082 Coelumque
1229 998 1393 1083 principes

98 1121 233 1198 reddat,
257 1142 352 1203 spero
373 1120 443 1184 fore
464 1128 503 1182 ut
524 1144 637 1184 omnes
660 1122 856 1199 concedant,
879 1126 1056 1205 postquam
1078 1142 1166 1183 nunc
1188 1119 1269 1181 satis
1290 1118 1393 1181 mani·

100 1239 229 1303 festum
251 1239 376 1303 factum
399 1248 461 1318 est,
484 1241 571 1304 unde
594 1240 648 1303 hic
669 1241 733 1303 iste
750 1241 871 1303 Coelus
894 1247 1053 1321 emergat,
1078 1260 1174 1321 quem
1192 1238 1392 1301 Aristoteles

101 1360 212 1421 altero
237 1358 310 1422 loco
341 1346 407 1421 nori
434 1368 680 1422 commemorat.
729 1359 862 1422 Etenim
887 1358 1064 1441 Stagirites
1096 1380 1133 1420 ea
1158 1356 1392 1439 disputationis

105 1498 187 1538 suae
209 1485 299 1559 parte
320 1477 402 1540 nihil
424 1486 566 1562 spectat,
589 1479 653 1541 nisi
668 1485 706 1540 ut
728 1479 944 1555 demonstret,
968 1499 1023 1540 eos
1041 1476 1226 1565 qui'certos
1249 1476 1328 1538 deos
1351 1476 1392 1538 ab

106 1594 205 1656 initio
226 1608 347 1677 ponant
370 1620 444 1660 cum
466 1597 506 1658 iis
529 1598 652 1675 facere,
677 1597 732 1680 qui
754 1619 917 1659 summum
934 1597 1057 1659 bonum
1080 1595 1120 1659 ab
1144 1594 1316 1658 elementis
1340 1596 1392 1657 vel

101 1713 273 1797 principiis
295 1723 487 1778 removeant
504 1724 538 1779 et
554 1716 586 1778 id
602 1727 632 1784 τὸ
647 1726 675 1785 ἓν
691 1739 762 1780 esse
778 1723 972 1800 pernegent.
1013 1716 1184 1797 Orpheum
1204 1714 1307 1796 igitur
1327 1736 1394 1776 non

100 1832 214 1895 minus
231 1856 328 1915 quam
339 1834 519 1898 Homerum
536 1842 571 1898 et
580 1836 763 1899 Hesiodum
780 1836 941 1919 optimum
957 1856 993 1897 ac
1010 1833 1279 1917 potentissimum
1295 1833 1394 1896 deum

99 1958 182 2035 post
191 1950 257 2014 alia
267 1951 484 2017 imbecilliora
498 1954 633 2017 numina
643 1977 774 2039 ponere,
792 1956 964 2029 admonet3
984 1976 1081 2035 quam
1093 1976 1227 2015 uxorem
1240 1952 1395 2016 habuerit

99 2069 229 2154 primus
246 2071 338 2150 deus,
356 2095 486 2136 narrare
504 2074 728 2157 supersedet*

191 2190 312 2272 Itaque
328 2191 473 2255 illaNox
489 2192 568 2254 mihi
586 2192 719 2275 quidem
733 2215 800 2255 non
816 2191 947 2255 videtur
962 2191 1196 2275 impedimento
1214 2212 1296 2269 esse,
1316 2213 1395 2272 quo-

100 2308 214 2371 minus
238 2309 426 2388 Aristoteli,
449 2311 599 2373 Platonis
624 2310 798 2395 discipulo,
828 2319 862 2373 et
883 2311 1047 2388 Eudemo,
1074 2310 1219 2373 eiusdem
1241 2309 1275 2373 in
1298 2309 1394 2372 disci·

99 2428 197 2511 plina
213 2429 307 2510 quasi
322 2429 448 2512 nepoti,
467 2429 592 2512 Orphei
607 2431 813 2514 theologiam
830 2454 848 2493 a
864 2429 1023 2512 magistro
1045 2431 1232 2493 lectitatam
1249 2428 1394 2513 saepius·

102 2570 169 2628 que
183 2547 218 2610 in
231 2547 373 2631 dialogis
389 2549 560 2612 laudatam
574 2558 689 2613 notam
707 2549 807 2612 fuisse
824 2550 1054 2612 concedamus.
1080 2552 1135 2612 An
1145 2547 1395 2632 praeferendum

101 2666 248 2745 videtur,
273 2668 354 2730 duos
377 2669 502 2750 fingere
526 2669 688 2752 OrpheoS,
712 2668 888 2732 dissociare
910 2668 1085 2731 Platonem
1108 2642 1393 2745 etAristotelem,

104 2784 189 2847 nihil
207 2786 289 2849 certi
304 2787 514 2870 respondere,
532 2787 642 2869 siquis
659 2787 805 2864 miretur,
823 2787 943 2849 nullibi
956 2787 991 2849 in
1000 2786 1242 2871 Metaphysicis
1258 2788 1395 2850 verbum

102 2904 256 2983 inveniri,
276 2928 339 2988 quo
351 2907 527 2989 aliquando
545 2905 643 2969 aliam
658 2927 787 2989 qnoque
803 2905 1018 2988 theogoniam
1030 2905 1209 2988 Orphicam
1226 2905 1394 2968 exstitisse

103 3022 334 3106 significetur?
362 3024 407 3087 Et
430 3048 493 3108 qua
514 3025 650 3089 tandem
671 3025 711 3088 dc
734 3025 851 3089 causa?
881 3025 1017 3089 Scilicet
1039 3024 1115 3107 quia
1135 3025 1232 3086 Plato
1249 3024 1394 3087 Noctem

103 3164 173 3204 non
190 3141 340 3206 dissertis
362 3144 470 3207 verbis
487 3151 724 3207 commemorat
739 3152 838 3227 atque
854 3143 986 3207 nomine
1003 3144 1160 3228 appellat.
1193 3142 1327 3206 Etenim
1344 3165 1392 3222 ea,

104 3284 205 3343 quam
231 3261 339 3325 adhuc
364 3262 454 3326 nacti
479 3286 605 3342 sumus,
639 3264 713 3327 lucc
739 3264 894 3347 adspersa
919 3262 1058 3326 forsitan
1083 3263 1182 3326 etiam
1209 3262 1392 3346 contingat,

104 3380 279 3463 caligines,
303 3382 421 3464 quibus
442 3404 476 3446 se
492 3383 570 3445 Nox
591 3383 677 3466 apud
694 3384 867 3446 Platonem
885 3382 1045 3461 obvolvit,
1070 3383 1218 3446 scindere
1235 3390 1268 3445 et
1289 3381 1393 3465 ipsam

104 3499 369 3583 deprehendere,
401 3501 550 3583 quamvis
576 3501 645 3564 eius
670 3523 788 3564 nomen
820 3524 980 3583 nusquam
1006 3508 1173 3586 appareat.
1219 3502 1306 3563 Nam
1335 3477 1393 3563 illo

105 3618 238 3703 Cratyli
263 3620 335 3682 loco
358 3642 455 3704 supra
480 3621 614 3683 laudato
637 3621 763 3704 Tethys
786 3620 911 3683 Oceani
935 3631 1077 3708 κασιγνήτη
1099 3630 1246 3707 ὁμομήτωρ
1267 3641 1393 3681 111111011-

103 3748 216 3822 patur.
242 3738 333 3820 Ergo
350 3740 471 3802 Coelus
487 3747 581 3823 pater
597 3746 727 3824 praeter
742 3740 886 3817 Terram,
905 3761 1015 3804 eorum
1032 3746 1181 3815 matrem,
1199 3737 1296 3801 aliam
1313 3760 1393 3820 quo-

176 3924 186 3954 ¹
206 3926 331 3977 Similiter
349 3929 427 3977 etiam
445 3929 521 3987 Met,
540 3930 563 3985 I,
583 3932 606 3989 8,
624 3946 653 3993 p.
674 3932 722 3977 989
736 3946 754 3978 c
774 3934 803 3977 10
826 3928 900 3999 (φησὶ
919 3928 947 3979 δὲ
965 3928 1009 3978 καὶ
1023 3923 1141 3982 Ἡσίοδος
1158 3925 1206 3994 τὴν
1223 3933 1271 3996 γῆν
1288 3930 1394 3998 πρώτην

104 4008 227 4081 γενέσθαι
244 4020 296 4064 τῶν
314 4014 451 4080 σωμάτων)
471 4012 558 4063 Chaos
576 4021 636 4062 ante
653 4015 760 4062 Terram
777 4015 891 4077 positum
910 4027 966 4062 esse
983 4014 1082 4061 reticet.

174 4094 245 4146 ²Ita
261 4098 330 4147 idem
347 4099 501 4148 Aristoteles
521 4103 608 4166 (Met,
627 4103 651 4160 I,
669 4107 694 4160 4,
711 4119 740 4166 ρ,
760 4102 837 4150 caah
856 4105 901 4150 27:
923 4095 1042 4155 Ἠσίοδος
1066 4097 1095 4150 δὲ
1111 4087 1240 4158 ’,,ποὶντων
1258 4099 1305 4166 μὲν
1323 4103 1391 4170 πρώ-

98 4201 179 4236 τιστα
202 4183 269 4254 χάος
292 4179 379 4250 γένετζ
405 4182 486 4255 αὐτὰρ
510 4183 597 4236 ἔπειτα
621 4181 672 4253 γαῖ’
697 4184 866 4256 εὐρύστερνος,
891 4180 932 4252 ἠδ’
957 4182 1021 4254 ἔρος,
1048 4183 1076 4240 ὃς
1099 4184 1217 4236 πάντεσσι
1235 4184 1392 4253 μεταπρέπει

100 4266 302 4331 ἀθανάτοιοιν“)
321 4283 373 4317 nou
392 4271 475 4319 solum
495 4285 594 4319 versum
612 4266 663 4339 γαῖ’
683 4268 845 4341 εὐρύστερνος
862 4268 919 4320 κτλ.
944 4271 1053 4351 mutilat,
1073 4272 1118 4319 sed
1136 4271 1214 4319 ctiam
1232 4278 1390 4332 sequentem,

100 4356 145 4404 ubi
167 4353 279 4402 Tartara
297 4364 536 4416 commemorantur,
555 4371 660 4420 prorsus
679 4356 791 4419 negligit,
812 4355 874 4417 quia
892 4354 961 4403 solus
979 4354 1060 4403 Amor
1079 4356 1102 4403 ei
1121 4368 1196 4403 curae
1215 4360 1261 4402 est.

1142 4439 1183 4487 Q*
