2986 4800
687 191 725 252 27

56 394 193 480 phicum
211 415 343 458 carmen
360 392 482 475 legisse
496 395 694 472 testantur,¹
712 393 882 457 sedetiam
898 394 986 477 quod
1002 417 1042 457 ex
1057 396 1157 459 variis
1172 419 1347 480 germanae

55 513 214 578 lectionis
238 511 484 577 recensionibus
513 535 532 575 a
556 513 713 591 Proculo,
740 514 900 591 Eusebio,
927 515 1229 580 Pseudoaristotele
1258 518 1347 580 aliis·

55 655 120 716 que
143 632 324 696 asservatis
346 632 401 714 (cf.
420 634 500 715 Agl.
518 654 550 715 p.
568 636 750 715 tal-533)
773 633 897 716 optime
919 632 1129 716 intelligitur,
1154 645 1294 717 quantas
1314 637 1348 701 in

54 753 199 816 laminas
216 751 435 835 interpolator
451 755 504 833 (an
522 751 631 815 dicam
650 752 937 837 interpolatoresl)
954 753 1164 836 Theogoniae
1182 755 1346 838 Orphioae

54 895 161 935 unum
176 871 232 934 vel
247 870 331 934 duos
347 871 527 934 versiculos
543 877 614 934 arte
631 893 689 934 sua
705 880 840 936 tenuare
857 873 1020 936 calluerit.

664 1061 693 1144 t.
715 1063 746 1123 e.

146 1215 222 1277 Jam
241 1212 337 1275 venio
359 1213 401 1276 ad
423 1211 582 1275 Phanotis
605 1212 786 1294 cataposin.
822 1214 872 1276 De
895 1236 959 1296 qua
981 1214 1045 1277 etsi
1065 1238 1132 1279 non
1153 1218 1247 1299 potui
1270 1217 1348 1300 quin

55 1330 130 1397 iam'
149 1355 248 1415 supra
268 1331 428 1395 nonnulla
452 1331 612 1410 dicerem,
635 1339 747 1395 tamen
771 1355 858 1396 nunc
883 1354 924 1395 ex
947 1334 1095 1417 professo
1121 1336 1348 1400 disserendum

59 1452 139 1515 erit.
166 1451 254 1514 Quid
269 1450 356 1514 enim
371 1451 518 1534 prodest,
537 1451 698 1533 quaedam
713 1451 846 1514 levioris
862 1453 1021 1516 momenti
1036 1454 1228 1531 abscidisse,
1246 1455 1274 1517 si
1289 1455 1348 1519 illa

61 1570 279 1635 retinebitur?
311 1575 382 1634 Aut
404 1569 483 1653 quid
504 1571 581 1633 novi
603 1579 717 1634 nostra
738 1571 919 1654 disputatio
939 1573 1139 1636 Lobeckii
1162 1574 1346 1638 contentio·

58 1691 160 1754 nibus
176 1691 276 1753 addet
290 1689 544 1772 „Theogoniam
559 1691 693 1753 Platoni
709 1691 842 1774 eiusque
862 1692 1054 1774 aequalibus
1072 1693 1258 1756 lectitatum
1276 1715 1347 1756 esse

58 1809 262 1873 statuentis²
285 1809 354 1873 sive
375 1818 498 1887 totam,
523 1817 681 1892 quantam
701 1810 867 1873 Platonici
891 1811 1061 1889 triverint,
1085 1812 1153 1875 sive
1178 1812 1347 1895 primarias

59 1931 130 1993 eius
147 1936 297 2012 partes“,
324 1930 501 1992 dummodo
517 1929 568 1991 his
585 1928 748 2011 primariis
763 1930 913 2011 partibus
929 1930 1022 1993 illam
1039 1932 1211 2015 cataposin
1226 1932 1347 1995 adscri-

58 2050 199 2113 bamus?
230 2048 280 2112 Ea
295 2049 382 2113 enim
398 2048 503 2112 veteri
520 2047 654 2112 carmini
669 2048 826 2111 restituta
843 2071 917 2111 cum
933 2049 996 2112 iam
1015 2072 1134 2133 negare
1155 2074 1220 2114 non
1243 2051 1347 2133 possi-v

58 2192 143 2246 mus,
162 2169 297 2232 saeculo
308 2192 342 2232 a.
361 2169 424 2231 Ch.
442 2191 475 2231 n.
494 2176 588 2230 sexto
605 2167 862 2250 pantheistieam
878 2169 918 2231 de
935 2169 1048 2232 mundi
1065 2176 1139 2232 ortu
1159 2177 1193 2232 et
1211 2192 1347 2233 renova·

57 2289 150 2352 tione
168 2287 353 2352 doctrinam
370 2288 403 2351 in
420 2287 605 2371 mysteriis⁸
622 2289 794 2371 vulgatam
808 2287 920 2366 fuisse,
935 2289 991 2351 vix
1005 2297 1066 2366 est,
1082 2290 1170 2370 quod
1182 2288 1216 2352 in
1230 2289 1348 2352 ceteris

58 2407 199 2471 minutis
216 2415 315 2490 atque
326 2407 449 2491 jejunis
465 2408 563 2471 rebus
580 2407 799 2491 dijudicandis
816 2414 947 2490 tempus
971 2417 1190 2471 conteramus.
1224 2409 1349 2471 Verum

59 2529 148 2591 enim
164 2549 243 2591 vero
260 2528 402 2589 multum
419 2528 530 2603 abest,
553 2535 590 2589 ut
606 2527 674 2590 iure
691 2527 925 2590 Lobeckius
945 2528 1107 2591 affirmare
1128 2528 1270 2612 possit⁴:
1294 2528 1348 2605 „si

59 2649 99 2710 de
114 2646 282 2731 Orphicae
299 2647 468 2709 doctrinae
485 2669 612 2709 summa
629 2646 737 2708 omnia
753 2646 944 2724 detraxeriS,
960 2669 1042 2730 quae
1056 2648 1221 2710 Platonici
1235 2647 1275 2710 de
1289 2671 1347 2710 suo

60 2766 270 2844 effinxerint,
293 2765 433 2848 relinqui
454 2765 547 2829 illam
568 2788 676 2829 rerum
699 2765 845 2828 omnium
866 2765 899 2829 in
923 2767 984 2829 deo
1010 2765 1346 2849 comprehensionem,

59 2885 186 2970 duplici
202 2907 359 2968 processu
372 2895 406 2949 et
422 2907 554 2950 recessu
569 2884 751 2968 perfectam
767 2906 825 2968 per
837 2886 1020 2948 Phanetem
1033 2894 1067 2949 et
1080 2887 1100 2947 J
1102 2892 1209 2948 ovem‘
1213 2893 1222 2922 ‘
1226 2934 1233 2948 .
1259 2885 1348 2948 Quid

40 3089 43 3097 ’
129 3074 349 3125 1Lobeckius
379 3078 416 3125 ait
439 3078 502 3141 Api.
524 3095 553 3141 p.
584 3082 645 3125 532:
678 3077 832 3135 „Platonem
863 3085 890 3124 ut
913 3076 1020 3124 arbitrer
1048 3064 1251 3125 illumnolntba
1274 3073 1349 3143 λόγον

60 3178 113 3211 non
132 3163 214 3211 fando
232 3162 371 3224 accepisse,
391 3163 436 3210 sed
455 3177 488 3210 ex
506 3162 562 3225 ipsa
581 3167 608 3209 ut
626 3161 719 3209 dicitur
726 3161 862 3221 scatebra,
883 3168 936 3209 tum
955 3162 1007 3210 alia
1024 3177 1064 3210 me
1083 3162 1207 3209 inducunt
1220 3160 1347 3224 Orphicae

59 3249 183 3298 lectionis
196 3248 301 3308 indicia,
322 3256 375 3296 tum
387 3247 449 3296 illud
463 3248 531 3310 quod
549 3248 672 3296 continuo
685 3247 815 3310 subjungit
832 3250 870 3315 τῷ
890 3241 909 3295 δ’
930 3245 970 3296 ἀεὶ
989 3245 1119 3304 intererat
1131 3241 1196 3317 Δίκη
1216 3255 1267 3298 τῶν
1287 3246 1346 3298 ἀπο-

58 3332 221 3400 λειπομένων
241 3359 272 3368 -
291 3331 410 3402 τιμωρός,
430 3347 496 3395 quae
515 3333 640 3381 Proculus
660 3331 779 3396 Orphieis
797 3333 1008 3394 circumloquitur
1026 3333 1108 3381 verbis

232 3446 235 3451 ·
312 3421 350 3487 τῷ
369 3416 398 3467 δὲ
416 3411 482 3486 Δίκη
502 3417 651 3473 πολύποινος
669 3417 792 3488 ἐφέσπετο
811 3423 884 3469 πᾶσιν
903 3416 1031 3488 ἀρωγό;“.

129 3503 256 3553 Giseke
276 3496 350 3566 (lssc.
366 3522 396 3569 p.
417 3504 461 3563 84)
486 3503 595 3552 Tzetzae
618 3504 793 3552 testimonium
816 3512 928 3563 secutus,
948 3506 1015 3566 quod
1034 3504 1221 3554 Lobeckius
1245 3503 1348 3552 exhibet

58 3591 123 3654 Agl.
142 3607 172 3653 p.
193 3594 242 3636 422
262 3590 321 3639 coll.
339 3608 368 3654 p.
390 3592 447 3648 527,
472 3589 530 3638 illos
555 3604 642 3639 versus
667 3605 682 3636 a
700 3590 807 3637 Platone
832 3597 865 3638 ex
882 3589 990 3652 Hymnis
1009 3589 1128 3653 Orphieis
1151 3597 1265 3652 sumptos
1291 3604 1346 3636 esse

57 3682 143 3738 putat.
180 3675 222 3723 De
248 3675 358 3723 Taetzae
384 3675 535 3723 auctoritate
563 3675 613 3723 iam
640 3674 826 3722 Lobeckius
844 3676 863 3724 t.
884 3693 907 3724 e.
934 3676 1074 3738 respondit.
1111 3673 1177 3722 Cum
1205 3682 1290 3722 autem
1315 3688 1347 3723 ex

57 3760 177 3808 Platonis
195 3760 260 3808 locis
279 3775 357 3823 supra
373 3760 483 3808 laudatis
503 3759 580 3822 (aaa.
595 3778 625 3825 p.
639 3765 681 3819 41,
700 3761 772 3809 Orat.
787 3777 817 3824 p.
832 3760 894 3823 402)
914 3761 975 3808 satis
994 3768 1123 3824 appareat,
1143 3759 1277 3808 Platonem
1295 3774 1347 3808 non

57 3845 144 3894 solum
164 3844 273 3908 Hymnis
292 3853 317 3895 et
335 3826 461 3901 Teleietr
479 3843 575 3908 Orphei
599 3860 674 3894 usum
698 3859 762 3904 esse,
789 3846 833 3893 sed
857 3846 933 3893 etiam
952 3845 1111 3906 Theogonis,
1132 3844 1272 3907 simplicius
1291 3859 1347 3894 esse

56 3941 133 3994 puto,
153 3931 175 3980 si
193 3931 252 3980 illos
270 3947 358 3980 versus
377 3946 410 3979 ex
428 3938 512 3979 vetere
530 3930 681 3993 Theogonia
703 3932 729 3978 in
748 3931 907 3993 Rhapsodias
930 3938 1046 3992 receptos
1065 3943 1204 3989 sumamus,
1229 3945 1306 3992 quarn
1325 3932 1347 3979 si

55 4031 103 4066 eos
130 4016 240 4079 Hymnis
268 4017 451 4075 adscribamus,
481 4029 545 4077 quos
570 4015 775 4078 Rhapsodiarum
802 4025 931 4065 auctorem
959 4014 1075 4076 cognitos
1102 4014 1223 4064 habuisse
1249 4017 1347 4065 nullum

55 4109 196 4165 praeterea
212 4102 336 4150 indicium
354 4102 463 4151 inveniri
481 4101 571 4164 possit.

130 4181 141 4212 ²
159 4186 224 4250 2191.
240 4203 270 4251 ρ.
290 4190 348 4246 ott,
369 4172 401 4234 cf.
421 4187 576 4245 Brandis,
596 4187 615 4236 1.
636 4203 658 4235 c.
678 4188 702 4244 I,
722 4191 762 4234 59.

50 4322 54 4329 ,
130 4267 141 4297 ³
161 4269 203 4319 Of.
223 4271 425 4334 Bernhardy,
448 4274 563 4322 Grande.
583 4273 612 4329 d.
634 4275 682 4325 Gr.
702 4272 767 4320 Iattt.
788 4271 828 4327 II,
848 4274 870 4326 1,
890 4273 947 4316 428.

129 4353 222 4420 ⁴:192.
239 4375 269 4422 p.
289 4362 348 4407 495.
