<?xml version="1.0" encoding="UTF-8"?>
<!DOCTYPE html PUBLIC "-//W3C//DTD XHTML 1.0 Transitional//EN"
    "http://www.w3.org/TR/xhtml1/DTD/xhtml1-transitional.dtd">
<html xmlns="http://www.w3.org/1999/xhtml" xml:lang="en" lang="en">
 <head>
  <title>
</title>
<meta http-equiv="Content-Type" content="text/html;charset=utf-8" />
  <meta name='ocr-system' content='tesseract 3.04.00' />
  <meta name='ocr-capabilities' content='ocr_page ocr_carea ocr_par ocr_line ocrx_word'/>
</head>
<body>
  <div class='ocr_page' id='page_1' title='image "./deveterisorphic00schugoog_0047.png"; bbox 0 0 2986 4800; ppageno 0'>
   <div class='ocr_carea' id='block_1_1' title="bbox 434 114 1490 556">
    <p class='ocr_par' dir='ltr' id='par_1_1' title="bbox 434 114 1490 556">
     <span class='ocr_line' id='line_1_1' title="bbox 733 114 1490 383; baseline -0.001 -110"><span class='ocrx_word' id='word_1_1' title='bbox 733 178 903 273; x_wconf 64' lang='grc'>-38,</span> <span class='ocrx_word' id='word_1_2' title='bbox 1484 114 1490 383; x_wconf 56' lang='lat' dir='ltr'>ff</span> 
     </span>
     <span class='ocr_line' id='line_1_2' title="bbox 435 377 1116 453; baseline 0.001 -21"><span class='ocrx_word' id='word_1_3' title='bbox 435 381 519 432; x_wconf 73' lang='grc' dir='ltr'>πάντα</span> <span class='ocrx_word' id='word_1_4' title='bbox 537 377 557 432; x_wconf 79' lang='lat' dir='ltr'><strong>b&#39;</strong></span> <span class='ocrx_word' id='word_1_5' title='bbox 579 380 730 451; x_wconf 73' lang='grc' dir='ltr'>ἀποκρύψας</span> <span class='ocrx_word' id='word_1_6' title='bbox 749 378 823 438; x_wconf 72' lang='grc' dir='ltr'>αὖθις</span> <span class='ocrx_word' id='word_1_7' title='bbox 840 382 905 453; x_wconf 78' lang='grc' dir='ltr'>φάος</span> <span class='ocrx_word' id='word_1_8' title='bbox 926 381 952 438; x_wconf 81' lang='grc' dir='ltr'><strong>ἐς</strong></span> <span class='ocrx_word' id='word_1_9' title='bbox 970 379 1116 451; x_wconf 71' lang='grc' dir='ltr'><strong>πολυγηθὲς</strong></span> 
     </span>
     <span class='ocr_line' id='line_1_3' title="bbox 434 481 1188 556; baseline -0.001 -21"><span class='ocrx_word' id='word_1_10' title='bbox 434 482 529 550; x_wconf 76' lang='grc' dir='ltr'>μέλλεν</span> <span class='ocrx_word' id='word_1_11' title='bbox 549 482 598 534; x_wconf 78' lang='grc' dir='ltr'><strong>ἀπὸ</strong></span> <span class='ocrx_word' id='word_1_12' title='bbox 617 481 725 553; x_wconf 75' lang='grc' dir='ltr'><strong>κραδίης</strong></span> <span class='ocrx_word' id='word_1_13' title='bbox 743 482 877 556; x_wconf 61' lang='lat' dir='ltr'><strong>spesspes</strong></span> <span class='ocrx_word' id='word_1_14' title='bbox 895 483 958 535; x_wconf 82' lang='grc' dir='ltr'>πάλι</span> <span class='ocrx_word' id='word_1_15' title='bbox 975 482 1089 535; x_wconf 75' lang='grc' dir='ltr'>θέσκελα</span> <span class='ocrx_word' id='word_1_16' title='bbox 1108 482 1188 554; x_wconf 70' lang='grc' dir='ltr'><strong>ῥέζων</strong></span> 
     </span>
    </p>
   </div>
   <div class='ocr_carea' id='block_1_2' title="bbox 159 574 1490 2829">
    <p class='ocr_par' dir='ltr' id='par_1_2' title="bbox 159 574 1490 2829">
     <span class='ocr_line' id='line_1_4' title="bbox 163 574 1490 669; baseline 0 -21"><span class='ocrx_word' id='word_1_17' title='bbox 163 585 353 648; x_wconf 87' lang='lat' dir='ltr'><strong>habendum</strong></span> <span class='ocrx_word' id='word_1_18' title='bbox 370 591 432 646; x_wconf 89' lang='lat' dir='ltr'><strong>est.</strong></span> <span class='ocrx_word' id='word_1_19' title='bbox 458 584 624 647; x_wconf 90' lang='lat' dir='ltr'><strong>Praebent</strong></span> <span class='ocrx_word' id='word_1_20' title='bbox 642 583 729 646; x_wconf 90' lang='lat' dir='ltr'><strong>enim</strong></span> <span class='ocrx_word' id='word_1_21' title='bbox 740 584 904 668; x_wconf 91' lang='lat' dir='ltr'><strong>quandam</strong></span> <span class='ocrx_word' id='word_1_22' title='bbox 921 583 1131 667; x_wconf 72' lang='lat' dir='ltr'><strong>antiquitatis</strong></span> <span class='ocrx_word' id='word_1_23' title='bbox 1148 584 1289 669; x_wconf 90' lang='lat' dir='ltr'><strong>speeiem</strong></span> <span class='ocrx_word' id='word_1_24' title='bbox 1308 584 1364 668; x_wconf 83' lang='lat' dir='ltr'><strong>(cf.</strong></span> <span class='ocrx_word' id='word_1_25' title='bbox 1377 584 1448 649; x_wconf 92' lang='lat' dir='ltr'><strong>Hes.</strong></span> <span class='ocrx_word' id='word_1_26' title='bbox 1487 574 1490 637; x_wconf 74' lang='lat' dir='ltr'><strong>l</strong></span> 
     </span>
     <span class='ocr_line' id='line_1_5' title="bbox 161 678 1490 788; baseline -0.001 -21"><span class='ocrx_word' id='word_1_27' title='bbox 161 705 287 787; x_wconf 80' lang='lat' dir='ltr'><strong>Theog.</strong></span> <span class='ocrx_word' id='word_1_28' title='bbox 306 727 337 766; x_wconf 86' lang='lat' dir='ltr'><strong>v.</strong></span> <span class='ocrx_word' id='word_1_29' title='bbox 358 705 417 767; x_wconf 80' lang='lat'><strong>157</strong></span> <span class='ocrx_word' id='word_1_30' title='bbox 428 727 437 778; x_wconf 90' lang='lat'>;</span> <span class='ocrx_word' id='word_1_31' title='bbox 456 707 529 780; x_wconf 78' lang='lat'><strong>460,</strong></span> <span class='ocrx_word' id='word_1_32' title='bbox 548 706 622 781; x_wconf 74' lang='lat'><strong>487,</strong></span> <span class='ocrx_word' id='word_1_33' title='bbox 640 707 721 779; x_wconf 74' lang='lat'><strong>4955</strong></span> <span class='ocrx_word' id='word_1_34' title='bbox 741 707 921 781; x_wconf 74' lang='lat' dir='ltr'><strong>eae-900,</strong></span> <span class='ocrx_word' id='word_1_35' title='bbox 941 706 1026 787; x_wconf 75' lang='lat'><strong>924).</strong></span> <span class='ocrx_word' id='word_1_36' title='bbox 1059 704 1124 767; x_wconf 91' lang='lat' dir='ltr'><strong>Sed</strong></span> <span class='ocrx_word' id='word_1_37' title='bbox 1141 704 1197 788; x_wconf 93' lang='lat' dir='ltr'><strong>qui</strong></span> <span class='ocrx_word' id='word_1_38' title='bbox 1213 725 1330 768; x_wconf 88' lang='lat' dir='ltr'><strong>sensus</strong></span> <span class='ocrx_word' id='word_1_39' title='bbox 1347 725 1449 768; x_wconf 88' lang='lat' dir='ltr'><strong>eorum</strong></span> <span class='ocrx_word' id='word_1_40' title='bbox 1488 678 1490 697; x_wconf 51' lang='grc' dir='ltr'>Ι</span> 
     </span>
     <span class='ocr_line' id='line_1_6' title="bbox 160 821 1449 908; baseline -0.001 -21"><span class='ocrx_word' id='word_1_41' title='bbox 160 831 260 907; x_wconf 86' lang='lat' dir='ltr'><strong>atque</strong></span> <span class='ocrx_word' id='word_1_42' title='bbox 281 823 388 887; x_wconf 82' lang='lat' dir='ltr'><strong>forma</strong></span> <span class='ocrx_word' id='word_1_43' title='bbox 410 822 444 884; x_wconf 93' lang='lat' dir='ltr'><strong>in</strong></span> <span class='ocrx_word' id='word_1_44' title='bbox 460 831 572 886; x_wconf 86' lang='lat' dir='ltr'><strong>vetere</strong></span> <span class='ocrx_word' id='word_1_45' title='bbox 590 822 733 886; x_wconf 82' lang='lat' dir='ltr'><strong>carmine</strong></span> <span class='ocrx_word' id='word_1_46' title='bbox 749 821 867 900; x_wconf 89' lang='lat' dir='ltr'><strong>fuerit,</strong></span> <span class='ocrx_word' id='word_1_47' title='bbox 892 821 957 886; x_wconf 93' lang='lat' dir='ltr'><strong>dici</strong></span> <span class='ocrx_word' id='word_1_48' title='bbox 979 845 1045 886; x_wconf 91' lang='lat' dir='ltr'><strong>non</strong></span> <span class='ocrx_word' id='word_1_49' title='bbox 1061 831 1185 908; x_wconf 84' lang='lat' dir='ltr'><strong>potest.</strong></span> <span class='ocrx_word' id='word_1_50' title='bbox 1233 825 1364 886; x_wconf 83' lang='lat' dir='ltr'><strong>Auctor</strong></span> <span class='ocrx_word' id='word_1_51' title='bbox 1383 822 1449 886; x_wconf 87' lang='lat' dir='ltr'><strong>libri</strong></span> 
     </span>
     <span class='ocr_line' id='line_1_7' title="bbox 159 936 1490 1033; baseline -0.003 -26"><span class='ocrx_word' id='word_1_52' title='bbox 159 936 201 1007; x_wconf 48' lang='lat' dir='ltr'><strong>&#39;de</strong></span> <span class='ocrx_word' id='word_1_53' title='bbox 223 943 367 1020; x_wconf 91' lang='lat' dir='ltr'><strong>Mundo,</strong></span> <span class='ocrx_word' id='word_1_54' title='bbox 393 940 448 1026; x_wconf 92' lang='lat' dir='ltr'><strong>qui</strong></span> <span class='ocrx_word' id='word_1_55' title='bbox 468 941 592 1027; x_wconf 89' lang='lat' dir='ltr'><strong>primus</strong></span> <span class='ocrx_word' id='word_1_56' title='bbox 614 964 670 1005; x_wconf 92' lang='lat' dir='ltr'><strong>eos</strong></span> <span class='ocrx_word' id='word_1_57' title='bbox 687 950 939 1020; x_wconf 82' lang='lat' dir='ltr'><strong>commemorat,</strong></span> <span class='ocrx_word' id='word_1_58' title='bbox 963 943 1017 1006; x_wconf 89' lang='lat' dir='ltr'><strong>vel</strong></span> <span class='ocrx_word' id='word_1_59' title='bbox 1038 942 1107 1027; x_wconf 92' lang='lat' dir='ltr'><strong>ipse</strong></span> <span class='ocrx_word' id='word_1_60' title='bbox 1130 963 1186 1006; x_wconf 89' lang='lat' dir='ltr'><strong>eos</strong></span> <span class='ocrx_word' id='word_1_61' title='bbox 1207 941 1389 1005; x_wconf 83' lang='lat' dir='ltr'><strong>mutavisse</strong></span> <span class='ocrx_word' id='word_1_62' title='bbox 1403 942 1447 1006; x_wconf 87' lang='lat' dir='ltr'><strong>vel</strong></span> <span class='ocrx_word' id='word_1_63' title='bbox 1488 966 1490 1033; x_wconf 49' lang='grc' dir='ltr'>ξ</span> 
     </span>
     <span class='ocr_line' id='line_1_8' title="bbox 161 1061 1447 1151; baseline 0.005 -26"><span class='ocrx_word' id='word_1_64' title='bbox 161 1069 308 1126; x_wconf 89' lang='lat' dir='ltr'><strong>mutatos</strong></span> <span class='ocrx_word' id='word_1_65' title='bbox 325 1061 492 1146; x_wconf 89' lang='lat' dir='ltr'><strong>accepisse</strong></span> <span class='ocrx_word' id='word_1_66' title='bbox 508 1061 650 1124; x_wconf 90' lang='lat' dir='ltr'><strong>videtur.</strong></span> <span class='ocrx_word' id='word_1_67' title='bbox 697 1061 746 1122; x_wconf 93' lang='lat' dir='ltr'><strong>Ut</strong></span> <span class='ocrx_word' id='word_1_68' title='bbox 766 1061 853 1123; x_wconf 92' lang='lat' dir='ltr'><strong>enim</strong></span> <span class='ocrx_word' id='word_1_69' title='bbox 870 1061 1082 1144; x_wconf 85' lang='lat' dir='ltr'><strong>praecedenti</strong></span> <span class='ocrx_word' id='word_1_70' title='bbox 1101 1061 1277 1125; x_wconf 83' lang='lat' dir='ltr'><strong>enunciata</strong></span> <span class='ocrx_word' id='word_1_71' title='bbox 1293 1069 1363 1138; x_wconf 76' lang='grc' dir='ltr'>Ζεὺς</span> <span class='ocrx_word' id='word_1_72' title='bbox 1378 1071 1447 1151; x_wconf 78' lang='grc' dir='ltr'>ἀρχὸς</span> 
     </span>
     <span class='ocr_line' id='line_1_9' title="bbox 161 1181 1445 1268; baseline -0.006 -17"><span class='ocrx_word' id='word_1_73' title='bbox 161 1191 285 1251; x_wconf 75' lang='grc' dir='ltr'>ἁπάντων</span> <span class='ocrx_word' id='word_1_74' title='bbox 308 1191 496 1268; x_wconf 73' lang='grc' dir='ltr'>ἀργικέραυνος,</span> <span class='ocrx_word' id='word_1_75' title='bbox 513 1188 708 1264; x_wconf 86' lang='lat' dir='ltr'><strong>argumento</strong></span> <span class='ocrx_word' id='word_1_76' title='bbox 731 1187 858 1258; x_wconf 90' lang='lat' dir='ltr'><strong>essent,</strong></span> <span class='ocrx_word' id='word_1_77' title='bbox 888 1181 1072 1244; x_wconf 86' lang='lat' dir='ltr'><strong>mutatione</strong></span> <span class='ocrx_word' id='word_1_78' title='bbox 1094 1202 1176 1264; x_wconf 90' lang='lat' dir='ltr'><strong>opus</strong></span> <span class='ocrx_word' id='word_1_79' title='bbox 1197 1188 1269 1245; x_wconf 90' lang='lat' dir='ltr'><strong>erat</strong></span> <span class='ocrx_word' id='word_1_80' title='bbox 1289 1189 1390 1256; x_wconf 68' lang='grc' dir='ltr'>πάντας</span> <span class='ocrx_word' id='word_1_81' title='bbox 1405 1190 1445 1266; x_wconf 65' lang='grc' dir='ltr'><strong>γὰρ</strong></span> 
     </span>
     <span class='ocr_line' id='line_1_10' title="bbox 161 1300 1445 1388; baseline 0.002 -24"><span class='ocrx_word' id='word_1_82' title='bbox 161 1308 264 1388; x_wconf 70' lang='grc' dir='ltr'>κρύψας</span> <span class='ocrx_word' id='word_1_83' title='bbox 284 1308 318 1364; x_wconf 78' lang='lat' dir='ltr'><strong>eb</strong></span> <span class='ocrx_word' id='word_1_84' title='bbox 339 1307 366 1376; x_wconf 73' lang='grc' dir='ltr'><strong>ἐξ</strong></span> <span class='ocrx_word' id='word_1_85' title='bbox 385 1311 458 1387; x_wconf 76' lang='grc' dir='ltr'>ἱερῆς</span> <span class='ocrx_word' id='word_1_86' title='bbox 472 1309 583 1388; x_wconf 71' lang='grc' dir='ltr'>κραδίης</span> <span class='ocrx_word' id='word_1_87' title='bbox 599 1310 770 1386; x_wconf 76' lang='grc' dir='ltr'>ἀνενέγκατο,</span> <span class='ocrx_word' id='word_1_88' title='bbox 793 1300 948 1383; x_wconf 81' lang='lat' dir='ltr'><strong>quonlam</strong></span> <span class='ocrx_word' id='word_1_89' title='bbox 963 1308 1095 1386; x_wconf 69' lang='lat' dir='ltr'><strong>tempus</strong></span> <span class='ocrx_word' id='word_1_90' title='bbox 1113 1300 1348 1384; x_wconf 73' lang='lat' dir='ltr'><strong>imperfectum</strong></span> <span class='ocrx_word' id='word_1_91' title='bbox 1363 1309 1445 1387; x_wconf 77' lang='grc' dir='ltr'>μέλλεν</span> 
     </span>
     <span class='ocr_line' id='line_1_11' title="bbox 161 1418 1444 1504; baseline -0.002 -22"><span class='ocrx_word' id='word_1_92' title='bbox 161 1420 333 1484; x_wconf 83' lang='lat' dir='ltr'><strong>contextui</strong></span> <span class='ocrx_word' id='word_1_93' title='bbox 352 1442 418 1483; x_wconf 88' lang='lat' dir='ltr'><strong>non</strong></span> <span class='ocrx_word' id='word_1_94' title='bbox 441 1430 553 1504; x_wconf 90' lang='lat' dir='ltr'><strong>aptum</strong></span> <span class='ocrx_word' id='word_1_95' title='bbox 573 1427 654 1482; x_wconf 88' lang='lat' dir='ltr'><strong>erat.</strong></span> <span class='ocrx_word' id='word_1_96' title='bbox 702 1419 796 1483; x_wconf 76' lang='lat' dir='ltr'><strong>Quae</strong></span> <span class='ocrx_word' id='word_1_97' title='bbox 813 1427 923 1482; x_wconf 90' lang='lat' dir='ltr'><strong>tamen</strong></span> <span class='ocrx_word' id='word_1_98' title='bbox 942 1419 1087 1484; x_wconf 84' lang='lat' dir='ltr'><strong>sincerae</strong></span> <span class='ocrx_word' id='word_1_99' title='bbox 1103 1419 1257 1484; x_wconf 90' lang='lat' dir='ltr'><strong>lectionis</strong></span> <span class='ocrx_word' id='word_1_100' title='bbox 1275 1418 1444 1502; x_wconf 90' lang='lat' dir='ltr'><strong>corruptio-</strong></span> 
     </span>
     <span class='ocr_line' id='line_1_12' title="bbox 161 1538 1444 1616; baseline -0.002 -13"><span class='ocrx_word' id='word_1_101' title='bbox 161 1562 219 1604; x_wconf 87' lang='lat' dir='ltr'><strong>nes</strong></span> <span class='ocrx_word' id='word_1_102' title='bbox 235 1563 302 1603; x_wconf 90' lang='lat' dir='ltr'><strong>non</strong></span> <span class='ocrx_word' id='word_1_103' title='bbox 318 1541 408 1603; x_wconf 88' lang='lat' dir='ltr'><strong>solae</strong></span> <span class='ocrx_word' id='word_1_104' title='bbox 424 1539 595 1603; x_wconf 83' lang='lat' dir='ltr'><strong>habendae</strong></span> <span class='ocrx_word' id='word_1_105' title='bbox 613 1547 707 1616; x_wconf 90' lang='lat' dir='ltr'><strong>sunt,</strong></span> <span class='ocrx_word' id='word_1_106' title='bbox 733 1561 807 1602; x_wconf 90' lang='lat' dir='ltr'><strong>cum</strong></span> <span class='ocrx_word' id='word_1_107' title='bbox 828 1539 893 1602; x_wconf 89' lang='lat' dir='ltr'><strong>iam</strong></span> <span class='ocrx_word' id='word_1_108' title='bbox 916 1547 994 1603; x_wconf 89' lang='lat' dir='ltr'><strong>ante</strong></span> <span class='ocrx_word' id='word_1_109' title='bbox 1010 1538 1132 1602; x_wconf 83' lang='lat' dir='ltr'><strong>falsum</strong></span> <span class='ocrx_word' id='word_1_110' title='bbox 1148 1538 1368 1603; x_wconf 84' lang='lat' dir='ltr'><strong>Aristotelem</strong></span> <span class='ocrx_word' id='word_1_111' title='bbox 1383 1538 1444 1600; x_wconf 90' lang='lat' dir='ltr'><strong>lim·</strong></span> 
     </span>
     <span class='ocr_line' id='line_1_13' title="bbox 161 1658 1444 1743; baseline -0.002 -21"><span class='ocrx_word' id='word_1_112' title='bbox 161 1659 256 1743; x_wconf 89' lang='lat' dir='ltr'><strong>pidos</strong></span> <span class='ocrx_word' id='word_1_113' title='bbox 274 1659 438 1743; x_wconf 89' lang='lat' dir='ltr'><strong>Orphicae</strong></span> <span class='ocrx_word' id='word_1_114' title='bbox 454 1658 644 1740; x_wconf 87' lang='lat' dir='ltr'><strong>theologiae</strong></span> <span class='ocrx_word' id='word_1_115' title='bbox 661 1658 771 1721; x_wconf 83' lang='lat' dir='ltr'><strong>fontes</strong></span> <span class='ocrx_word' id='word_1_116' title='bbox 788 1683 806 1721; x_wconf 90' lang='lat' dir='ltr'><strong>a</strong></span> <span class='ocrx_word' id='word_1_117' title='bbox 823 1659 966 1743; x_wconf 91' lang='lat' dir='ltr'><strong>quodam</strong></span> <span class='ocrx_word' id='word_1_118' title='bbox 982 1659 1114 1722; x_wconf 85' lang='lat' dir='ltr'><strong>falsario</strong></span> <span class='ocrx_word' id='word_1_119' title='bbox 1132 1659 1285 1722; x_wconf 89' lang='lat' dir='ltr'><strong>turbatos</strong></span> <span class='ocrx_word' id='word_1_120' title='bbox 1303 1680 1444 1723; x_wconf 90' lang='lat' dir='ltr'><strong>essenon</strong></span> 
     </span>
     <span class='ocr_line' id='line_1_14' title="bbox 162 1777 1444 1874; baseline -0.002 -33"><span class='ocrx_word' id='word_1_121' title='bbox 162 1778 231 1841; x_wconf 91' lang='lat' dir='ltr'><strong>veri</strong></span> <span class='ocrx_word' id='word_1_122' title='bbox 248 1778 406 1840; x_wconf 83' lang='lat' dir='ltr'><strong>dissimile</strong></span> <span class='ocrx_word' id='word_1_123' title='bbox 423 1777 478 1839; x_wconf 91' lang='lat' dir='ltr'><strong>sit.</strong></span> <span class='ocrx_word' id='word_1_124' title='bbox 518 1777 607 1840; x_wconf 75' lang='lat' dir='ltr'><strong>Quid</strong></span> <span class='ocrx_word' id='word_1_125' title='bbox 624 1777 720 1874; x_wconf 82' lang='lat' dir='ltr'><strong>enim,</strong></span> <span class='ocrx_word' id='word_1_126' title='bbox 739 1779 766 1841; x_wconf 88' lang='lat' dir='ltr'><strong>si</strong></span> <span class='ocrx_word' id='word_1_127' title='bbox 782 1778 923 1863; x_wconf 89' lang='lat' dir='ltr'><strong>scriptor</strong></span> <span class='ocrx_word' id='word_1_128' title='bbox 938 1778 1046 1842; x_wconf 91' lang='lat' dir='ltr'><strong>libelli</strong></span> <span class='ocrx_word' id='word_1_129' title='bbox 1062 1778 1102 1841; x_wconf 94' lang='lat' dir='ltr'><strong>de</strong></span> <span class='ocrx_word' id='word_1_130' title='bbox 1119 1778 1246 1841; x_wconf 89' lang='lat' dir='ltr'><strong>Mundo</strong></span> <span class='ocrx_word' id='word_1_131' title='bbox 1262 1777 1444 1862; x_wconf 87' lang='lat' dir='ltr'><strong>Hieronymi</strong></span> 
     </span>
     <span class='ocr_line' id='line_1_15' title="bbox 162 1897 1444 1982; baseline 0 -23"><span class='ocrx_word' id='word_1_132' title='bbox 162 1897 273 1980; x_wconf 89' lang='lat' dir='ltr'><strong>potius</strong></span> <span class='ocrx_word' id='word_1_133' title='bbox 291 1920 389 1980; x_wconf 89' lang='lat' dir='ltr'><strong>quam</strong></span> <span class='ocrx_word' id='word_1_134' title='bbox 404 1897 473 1960; x_wconf 92' lang='lat' dir='ltr'><strong>veri</strong></span> <span class='ocrx_word' id='word_1_135' title='bbox 490 1897 614 1981; x_wconf 86' lang='lat' dir='ltr'><strong>Orphei</strong></span> <span class='ocrx_word' id='word_1_136' title='bbox 625 1898 845 1981; x_wconf 87' lang='lat' dir='ltr'><strong>Genealogias</strong></span> <span class='ocrx_word' id='word_1_137' title='bbox 862 1906 995 1962; x_wconf 91' lang='lat' dir='ltr'><strong>secutus</strong></span> <span class='ocrx_word' id='word_1_138' title='bbox 1013 1899 1084 1962; x_wconf 85' lang='lat' dir='ltr'><strong>est?</strong></span> <span class='ocrx_word' id='word_1_139' title='bbox 1116 1899 1358 1982; x_wconf 87' lang='lat' dir='ltr'><strong>Hieronymum</strong></span> <span class='ocrx_word' id='word_1_140' title='bbox 1373 1897 1444 1960; x_wconf 91' lang='lat' dir='ltr'><strong>mul·</strong></span> 
     </span>
     <span class='ocr_line' id='line_1_16' title="bbox 162 2015 1444 2102; baseline -0.001 -24"><span class='ocrx_word' id='word_1_141' title='bbox 162 2024 234 2078; x_wconf 92' lang='lat' dir='ltr'><strong>tum</strong></span> <span class='ocrx_word' id='word_1_142' title='bbox 258 2015 360 2079; x_wconf 82' lang='lat' dir='ltr'><strong>fuisse</strong></span> <span class='ocrx_word' id='word_1_143' title='bbox 384 2017 418 2079; x_wconf 93' lang='lat' dir='ltr'><strong>in</strong></span> <span class='ocrx_word' id='word_1_144' title='bbox 442 2016 601 2079; x_wconf 88' lang='lat' dir='ltr'><strong>Phanetis</strong></span> <span class='ocrx_word' id='word_1_145' title='bbox 628 2025 702 2080; x_wconf 90' lang='lat' dir='ltr'><strong>ortu</strong></span> <span class='ocrx_word' id='word_1_146' title='bbox 727 2025 827 2102; x_wconf 90' lang='lat' dir='ltr'><strong>atque</strong></span> <span class='ocrx_word' id='word_1_147' title='bbox 853 2019 1001 2102; x_wconf 88' lang='lat' dir='ltr'><strong>cataposi</strong></span> <span class='ocrx_word' id='word_1_148' title='bbox 1025 2016 1241 2082; x_wconf 89' lang='lat' dir='ltr'><strong>decantandis</strong></span> <span class='ocrx_word' id='word_1_149' title='bbox 1248 2067 1258 2096; x_wconf 94' lang='lat'><strong>,</strong></span> <span class='ocrx_word' id='word_1_150' title='bbox 1292 2039 1391 2101; x_wconf 89' lang='lat' dir='ltr'><strong>supra</strong></span> <span class='ocrx_word' id='word_1_151' title='bbox 1413 2038 1444 2078; x_wconf 76' lang='lat' dir='ltr'><strong>er</strong></span> 
     </span>
     <span class='ocr_line' id='line_1_17' title="bbox 164 2135 1443 2222; baseline -0.001 -24"><span class='ocrx_word' id='word_1_152' title='bbox 164 2137 399 2219; x_wconf 80' lang='lat' dir='ltr'><strong>Athenagorae</strong></span> <span class='ocrx_word' id='word_1_153' title='bbox 425 2135 627 2219; x_wconf 89' lang='lat' dir='ltr'><strong>aliorumque</strong></span> <span class='ocrx_word' id='word_1_154' title='bbox 651 2137 783 2222; x_wconf 91' lang='lat' dir='ltr'><strong>scriptis</strong></span> <span class='ocrx_word' id='word_1_155' title='bbox 806 2138 1070 2202; x_wconf 90' lang='lat' dir='ltr'><strong>demonstratum</strong></span> <span class='ocrx_word' id='word_1_156' title='bbox 1092 2147 1160 2212; x_wconf 91' lang='lat' dir='ltr'><strong>est;</strong></span> <span class='ocrx_word' id='word_1_157' title='bbox 1187 2136 1358 2202; x_wconf 86' lang='lat' dir='ltr'><strong>Pisistrati</strong></span> <span class='ocrx_word' id='word_1_158' title='bbox 1378 2157 1443 2199; x_wconf 86' lang='lat' dir='ltr'><strong>vero</strong></span> 
     </span>
     <span class='ocr_line' id='line_1_18' title="bbox 163 2255 1458 2341; baseline -0.002 -21"><span class='ocrx_word' id='word_1_159' title='bbox 163 2255 355 2339; x_wconf 88' lang='lat' dir='ltr'><strong>aequalibus</strong></span> <span class='ocrx_word' id='word_1_160' title='bbox 376 2259 463 2319; x_wconf 92' lang='lat' dir='ltr'><strong>hunc</strong></span> <span class='ocrx_word' id='word_1_161' title='bbox 480 2257 579 2320; x_wconf 90' lang='lat' dir='ltr'><strong>deum</strong></span> <span class='ocrx_word' id='word_1_162' title='bbox 595 2264 710 2319; x_wconf 87' lang='lat' dir='ltr'><strong>notum</strong></span> <span class='ocrx_word' id='word_1_163' title='bbox 727 2257 845 2335; x_wconf 82' lang='lat' dir='ltr'><strong>fuisse,</strong></span> <span class='ocrx_word' id='word_1_164' title='bbox 868 2280 963 2321; x_wconf 90' lang='lat' dir='ltr'><strong>nemo</strong></span> <span class='ocrx_word' id='word_1_165' title='bbox 984 2257 1234 2320; x_wconf 83' lang='lat' dir='ltr'><strong>veterrimorum</strong></span> <span class='ocrx_word' id='word_1_166' title='bbox 1257 2257 1458 2341; x_wconf 73' lang='lat' dir='ltr'><strong>scriptorum·</strong></span> 
     </span>
     <span class='ocr_line' id='line_1_19' title="bbox 163 2375 1446 2459; baseline 0 -23"><span class='ocrx_word' id='word_1_167' title='bbox 163 2375 339 2439; x_wconf 90' lang='lat' dir='ltr'><strong>memoriae</strong></span> <span class='ocrx_word' id='word_1_168' title='bbox 361 2375 511 2439; x_wconf 86' lang='lat' dir='ltr'><strong>tradidit.</strong></span> <span class='ocrx_word' id='word_1_169' title='bbox 560 2375 688 2438; x_wconf 77' lang='lat' dir='ltr'><strong>Quodsi</strong></span> <span class='ocrx_word' id='word_1_170' title='bbox 702 2383 890 2459; x_wconf 91' lang='lat' dir='ltr'><strong>temporum</strong></span> <span class='ocrx_word' id='word_1_171' title='bbox 905 2377 1049 2440; x_wconf 90' lang='lat' dir='ltr'><strong>rationes</strong></span> <span class='ocrx_word' id='word_1_172' title='bbox 1066 2399 1131 2439; x_wconf 90' lang='lat' dir='ltr'><strong>non</strong></span> <span class='ocrx_word' id='word_1_173' title='bbox 1154 2375 1354 2459; x_wconf 86' lang='lat' dir='ltr'><strong>impediant,</strong></span> <span class='ocrx_word' id='word_1_174' title='bbox 1379 2397 1446 2458; x_wconf 89' lang='lat' dir='ltr'><strong>quo·</strong></span> 
     </span>
     <span class='ocr_line' id='line_1_20' title="bbox 164 2494 1446 2580; baseline -0.001 -24"><span class='ocrx_word' id='word_1_175' title='bbox 164 2494 272 2557; x_wconf 89' lang='lat' dir='ltr'><strong>minus</strong></span> <span class='ocrx_word' id='word_1_176' title='bbox 288 2494 383 2556; x_wconf 94' lang='lat' dir='ltr'><strong>illum</strong></span> <span class='ocrx_word' id='word_1_177' title='bbox 394 2494 587 2558; x_wconf 89' lang='lat' dir='ltr'><strong>Aristotelis</strong></span> <span class='ocrx_word' id='word_1_178' title='bbox 604 2494 829 2559; x_wconf 90' lang='lat' dir='ltr'><strong>simulatorem</strong></span> <span class='ocrx_word' id='word_1_179' title='bbox 841 2495 1034 2580; x_wconf 90' lang='lat' dir='ltr'><strong>Hieronymi</strong></span> <span class='ocrx_word' id='word_1_180' title='bbox 1045 2517 1176 2558; x_wconf 91' lang='lat' dir='ltr'><strong>carmen</strong></span> <span class='ocrx_word' id='word_1_181' title='bbox 1191 2495 1316 2578; x_wconf 85' lang='lat' dir='ltr'><strong>legisse</strong></span> <span class='ocrx_word' id='word_1_182' title='bbox 1333 2502 1446 2558; x_wconf 85' lang='lat' dir='ltr'><strong>statua·</strong></span> 
     </span>
     <span class='ocr_line' id='line_1_21' title="bbox 164 2613 1446 2697; baseline -0.002 -23"><span class='ocrx_word' id='word_1_183' title='bbox 164 2637 247 2691; x_wconf 91' lang='lat' dir='ltr'><strong>mus,</strong></span> <span class='ocrx_word' id='word_1_184' title='bbox 266 2615 373 2677; x_wconf 91' lang='lat' dir='ltr'><strong>minus</strong></span> <span class='ocrx_word' id='word_1_185' title='bbox 384 2613 511 2697; x_wconf 88' lang='lat' dir='ltr'><strong>negotii</strong></span> <span class='ocrx_word' id='word_1_186' title='bbox 523 2615 595 2692; x_wconf 88' lang='lat' dir='ltr'><strong>erit,</strong></span> <span class='ocrx_word' id='word_1_187' title='bbox 614 2614 641 2676; x_wconf 91' lang='lat' dir='ltr'><strong>si</strong></span> <span class='ocrx_word' id='word_1_188' title='bbox 658 2636 730 2677; x_wconf 89' lang='lat' dir='ltr'><strong>eam</strong></span> <span class='ocrx_word' id='word_1_189' title='bbox 746 2615 787 2677; x_wconf 89' lang='lat' dir='ltr'><strong>ab</strong></span> <span class='ocrx_word' id='word_1_190' title='bbox 799 2617 938 2679; x_wconf 90' lang='lat' dir='ltr'><strong>hocnon</strong></span> <span class='ocrx_word' id='word_1_191' title='bbox 954 2621 1094 2678; x_wconf 89' lang='lat' dir='ltr'><strong>avetere</strong></span> <span class='ocrx_word' id='word_1_192' title='bbox 1106 2615 1239 2697; x_wconf 89' lang='lat' dir='ltr'><strong>Orpheo</strong></span> <span class='ocrx_word' id='word_1_193' title='bbox 1257 2614 1446 2679; x_wconf 83' lang='lat' dir='ltr'><strong>illosversus</strong></span> 
     </span>
     <span class='ocr_line' id='line_1_22' title="bbox 165 2733 1490 2829; baseline -0.004 -32"><span class='ocrx_word' id='word_1_194' title='bbox 165 2733 331 2816; x_wconf 89' lang='lat' dir='ltr'><strong>accepisse</strong></span> <span class='ocrx_word' id='word_1_195' title='bbox 350 2734 446 2797; x_wconf 91' lang='lat' dir='ltr'><strong>nobis</strong></span> <span class='ocrx_word' id='word_1_196' title='bbox 461 2735 727 2818; x_wconf 88' lang='lat' dir='ltr'><strong>persuadeamus.</strong></span> <span class='ocrx_word' id='word_1_197' title='bbox 762 2735 845 2796; x_wconf 90' lang='lat' dir='ltr'><strong>Cum</strong></span> <span class='ocrx_word' id='word_1_198' title='bbox 866 2741 978 2798; x_wconf 87' lang='lat' dir='ltr'><strong>autem</strong></span> <span class='ocrx_word' id='word_1_199' title='bbox 997 2734 1322 2817; x_wconf 84' lang='lat' dir='ltr'><strong>nuperZellerus¹</strong></span> <span class='ocrx_word' id='word_1_200' title='bbox 1343 2740 1447 2798; x_wconf 88' lang='lat' dir='ltr'><strong>contra</strong></span> <span class='ocrx_word' id='word_1_201' title='bbox 1487 2788 1490 2829; x_wconf 66' lang='grc' dir='ltr'>Ι</span> 
     </span>
    </p>
   </div>
   <div class='ocr_carea' id='block_1_3' title="bbox 165 2852 1490 2957">
    <p class='ocr_par' dir='ltr' id='par_1_3' title="bbox 165 2832 1490 2957">
     <span class='ocr_line' id='line_1_23' title="bbox 165 2852 1490 2957; baseline -0.001 -42"><span class='ocrx_word' id='word_1_202' title='bbox 165 2852 218 2915; x_wconf 88' lang='lat' dir='ltr'><strong>Ro</strong></span> <span class='ocrx_word' id='word_1_203' title='bbox 228 2853 326 2916; x_wconf 90' lang='lat' dir='ltr'><strong>sium</strong></span> <span class='ocrx_word' id='word_1_204' title='bbox 338 2853 460 2916; x_wconf 90' lang='lat' dir='ltr'><strong>librum</strong></span> <span class='ocrx_word' id='word_1_205' title='bbox 470 2855 510 2917; x_wconf 94' lang='lat' dir='ltr'><strong>de</strong></span> <span class='ocrx_word' id='word_1_206' title='bbox 521 2855 647 2917; x_wconf 91' lang='lat' dir='ltr'><strong>Mundo</strong></span> <span class='ocrx_word' id='word_1_207' title='bbox 665 2854 733 2917; x_wconf 86' lang='lat' dir='ltr'><strong>fere</strong></span> <span class='ocrx_word' id='word_1_208' title='bbox 747 2853 854 2917; x_wconf 92' lang='lat' dir='ltr'><strong>medio</strong></span> <span class='ocrx_word' id='word_1_209' title='bbox 866 2855 997 2917; x_wconf 89' lang='lat' dir='ltr'><strong>saeculo</strong></span> <span class='ocrx_word' id='word_1_210' title='bbox 1015 2854 1106 2916; x_wconf 89' lang='lat' dir='ltr'><strong>aCh.</strong></span> <span class='ocrx_word' id='word_1_211' title='bbox 1118 2853 1217 2917; x_wconf 89' lang='lat' dir='ltr'><strong>tertio</strong></span> <span class='ocrx_word' id='word_1_212' title='bbox 1233 2853 1447 2936; x_wconf 88' lang='lat' dir='ltr'><strong>conscriptum</strong></span> <span class='ocrx_word' id='word_1_213' title='bbox 1488 2930 1490 2957; x_wconf 57' lang='grc' dir='ltr'>Ι</span> 
     </span>
    </p>
   </div>
   <div class='ocr_carea' id='block_1_4' title="bbox 164 2966 1490 4132">
    <p class='ocr_par' dir='ltr' id='par_1_4' title="bbox 164 2966 1490 4132">
     <span class='ocr_line' id='line_1_24' title="bbox 165 2966 1490 3057; baseline -0.002 -21"><span class='ocrx_word' id='word_1_214' title='bbox 165 2994 235 3036; x_wconf 93' lang='lat' dir='ltr'><strong>esse</strong></span> <span class='ocrx_word' id='word_1_215' title='bbox 253 2971 419 3036; x_wconf 86' lang='lat' dir='ltr'><strong>dicentem</strong></span> <span class='ocrx_word' id='word_1_216' title='bbox 441 2974 573 3056; x_wconf 81' lang='lat' dir='ltr'><strong>egregie</strong></span> <span class='ocrx_word' id='word_1_217' title='bbox 591 2973 869 3056; x_wconf 86' lang='lat' dir='ltr'><strong>comprobaverit,</strong></span> <span class='ocrx_word' id='word_1_218' title='bbox 892 2973 963 3056; x_wconf 86' lang='lat' dir='ltr'><strong>ejus</strong></span> <span class='ocrx_word' id='word_1_219' title='bbox 986 2982 1154 3036; x_wconf 87' lang='lat' dir='ltr'><strong>auctorem</strong></span> <span class='ocrx_word' id='word_1_220' title='bbox 1169 2996 1236 3037; x_wconf 91' lang='lat' dir='ltr'><strong>non</strong></span> <span class='ocrx_word' id='word_1_221' title='bbox 1252 2975 1360 3038; x_wconf 91' lang='lat' dir='ltr'><strong>multo</strong></span> <span class='ocrx_word' id='word_1_222' title='bbox 1380 2979 1448 3036; x_wconf 87' lang='lat' dir='ltr'><strong>ante</strong></span> <span class='ocrx_word' id='word_1_223' title='bbox 1487 2966 1490 3057; x_wconf 72' lang='lat' dir='ltr'><strong>l</strong></span> 
     </span>
     <span class='ocr_line' id='line_1_25' title="bbox 164 3091 1446 3183; baseline 0 -28"><span class='ocrx_word' id='word_1_224' title='bbox 164 3093 217 3155; x_wconf 89' lang='lat' dir='ltr'><strong>vel</strong></span> <span class='ocrx_word' id='word_1_225' title='bbox 237 3099 314 3175; x_wconf 90' lang='lat' dir='ltr'><strong>post</strong></span> <span class='ocrx_word' id='word_1_226' title='bbox 331 3092 502 3154; x_wconf 85' lang='lat' dir='ltr'><strong>Christum</strong></span> <span class='ocrx_word' id='word_1_227' title='bbox 517 3100 631 3156; x_wconf 91' lang='lat' dir='ltr'><strong>natum</strong></span> <span class='ocrx_word' id='word_1_228' title='bbox 648 3091 785 3180; x_wconf 78' lang='lat' dir='ltr'><strong>vixisse,</strong></span> <span class='ocrx_word' id='word_1_229' title='bbox 808 3092 937 3171; x_wconf 89' lang='lat' dir='ltr'><strong>nescio,</strong></span> <span class='ocrx_word' id='word_1_230' title='bbox 960 3115 1017 3156; x_wconf 92' lang='lat' dir='ltr'><strong>cur</strong></span> <span class='ocrx_word' id='word_1_231' title='bbox 1033 3093 1234 3183; x_wconf 65' lang='lat' dir='ltr'><strong>illa&#39;Opqsrd,</strong></span> <span class='ocrx_word' id='word_1_232' title='bbox 1255 3115 1340 3177; x_wconf 91' lang='lat' dir='ltr'><strong>quae</strong></span> <span class='ocrx_word' id='word_1_233' title='bbox 1363 3094 1446 3168; x_wconf 82' lang='lat' dir='ltr'><strong>citat,</strong></span> 
     </span>
     <span class='ocr_line' id='line_1_26' title="bbox 165 3210 1448 3297; baseline -0.001 -24"><span class='ocrx_word' id='word_1_234' title='bbox 165 3233 231 3273; x_wconf 92' lang='lat' dir='ltr'><strong>non</strong></span> <span class='ocrx_word' id='word_1_235' title='bbox 252 3210 422 3294; x_wconf 90' lang='lat' dir='ltr'><strong>potuerint</strong></span> <span class='ocrx_word' id='word_1_236' title='bbox 443 3233 514 3276; x_wconf 90' lang='lat' dir='ltr'><strong>esse</strong></span> <span class='ocrx_word' id='word_1_237' title='bbox 536 3210 731 3295; x_wconf 89' lang='lat' dir='ltr'><strong>Hieronymi</strong></span> <span class='ocrx_word' id='word_1_238' title='bbox 746 3211 955 3294; x_wconf 79' lang='lat' dir='ltr'><strong>Theogonis,</strong></span> <span class='ocrx_word' id='word_1_239' title='bbox 979 3236 1076 3296; x_wconf 90' lang='lat' dir='ltr'><strong>quam</strong></span> <span class='ocrx_word' id='word_1_240' title='bbox 1096 3235 1162 3276; x_wconf 92' lang='lat' dir='ltr'><strong>non</strong></span> <span class='ocrx_word' id='word_1_241' title='bbox 1183 3213 1231 3277; x_wconf 88' lang='lat' dir='ltr'><strong>ita</strong></span> <span class='ocrx_word' id='word_1_242' title='bbox 1251 3215 1360 3277; x_wconf 91' lang='lat' dir='ltr'><strong>multo</strong></span> <span class='ocrx_word' id='word_1_243' title='bbox 1382 3219 1448 3297; x_wconf 84' lang='lat' dir='ltr'><strong>post</strong></span> 
     </span>
     <span class='ocr_line' id='line_1_27' title="bbox 165 3329 1446 3416; baseline 0.002 -26"><span class='ocrx_word' id='word_1_244' title='bbox 165 3329 381 3391; x_wconf 86' lang='lat' dir='ltr'><strong>Plutarchum</strong></span> <span class='ocrx_word' id='word_1_245' title='bbox 397 3330 559 3413; x_wconf 91' lang='lat' dir='ltr'><strong>respicere</strong></span> <span class='ocrx_word' id='word_1_246' title='bbox 570 3354 668 3414; x_wconf 91' lang='lat' dir='ltr'><strong>supra</strong></span> <span class='ocrx_word' id='word_1_247' title='bbox 677 3330 886 3395; x_wconf 70' lang='lat' dir='ltr'><strong>viderimus2.</strong></span> <span class='ocrx_word' id='word_1_248' title='bbox 912 3332 1010 3395; x_wconf 68' lang='lat' dir='ltr'><strong>(duod</strong></span> <span class='ocrx_word' id='word_1_249' title='bbox 1024 3332 1051 3394; x_wconf 89' lang='lat' dir='ltr'><strong>si</strong></span> <span class='ocrx_word' id='word_1_250' title='bbox 1066 3331 1113 3395; x_wconf 88' lang='lat' dir='ltr'><strong>ita</strong></span> <span class='ocrx_word' id='word_1_251' title='bbox 1124 3339 1185 3411; x_wconf 90' lang='lat' dir='ltr'><strong>est,</strong></span> <span class='ocrx_word' id='word_1_252' title='bbox 1203 3333 1260 3396; x_wconf 87' lang='lat' dir='ltr'><strong>vix</strong></span> <span class='ocrx_word' id='word_1_253' title='bbox 1271 3333 1446 3416; x_wconf 88' lang='lat' dir='ltr'><strong>continget,</strong></span> 
     </span>
     <span class='ocr_line' id='line_1_28' title="bbox 166 3447 1490 3545; baseline 0.001 -35"><span class='ocrx_word' id='word_1_254' title='bbox 166 3447 327 3512; x_wconf 90' lang='lat' dir='ltr'><strong>sinceram</strong></span> <span class='ocrx_word' id='word_1_255' title='bbox 342 3448 474 3512; x_wconf 93' lang='lat' dir='ltr'><strong>illorum</strong></span> <span class='ocrx_word' id='word_1_256' title='bbox 490 3449 646 3513; x_wconf 85' lang='lat' dir='ltr'><strong>versuum</strong></span> <span class='ocrx_word' id='word_1_257' title='bbox 661 3449 840 3514; x_wconf 88' lang='lat' dir='ltr'><strong>lectionem</strong></span> <span class='ocrx_word' id='word_1_258' title='bbox 854 3451 1041 3516; x_wconf 89' lang='lat' dir='ltr'><strong>restituere.</strong></span> <span class='ocrx_word' id='word_1_259' title='bbox 1082 3450 1306 3536; x_wconf 91' lang='lat' dir='ltr'><strong>Hieronymus</strong></span> <span class='ocrx_word' id='word_1_260' title='bbox 1323 3450 1449 3516; x_wconf 91' lang='lat' dir='ltr'><strong>enimin</strong></span> <span class='ocrx_word' id='word_1_261' title='bbox 1487 3450 1490 3545; x_wconf 66' lang='lat' dir='ltr'><strong>l</strong></span> 
     </span>
     <span class='ocr_line' id='line_1_29' title="bbox 165 3567 1447 3655; baseline -0.001 -23"><span class='ocrx_word' id='word_1_262' title='bbox 165 3567 350 3632; x_wconf 90' lang='lat' dir='ltr'><strong>Phanetem</strong></span> <span class='ocrx_word' id='word_1_263' title='bbox 365 3568 576 3632; x_wconf 90' lang='lat' dir='ltr'><strong>transtulisse</strong></span> <span class='ocrx_word' id='word_1_264' title='bbox 592 3569 734 3647; x_wconf 91' lang='lat' dir='ltr'><strong>videtur,</strong></span> <span class='ocrx_word' id='word_1_265' title='bbox 752 3592 835 3651; x_wconf 90' lang='lat' dir='ltr'><strong>quae</strong></span> <span class='ocrx_word' id='word_1_266' title='bbox 851 3570 979 3655; x_wconf 89' lang='lat' dir='ltr'><strong>proprie</strong></span> <span class='ocrx_word' id='word_1_267' title='bbox 996 3572 1036 3634; x_wconf 94' lang='lat' dir='ltr'><strong>de</strong></span> <span class='ocrx_word' id='word_1_268' title='bbox 1052 3572 1169 3654; x_wconf 85' lang='lat' dir='ltr'><strong>Zagrei</strong></span> <span class='ocrx_word' id='word_1_269' title='bbox 1186 3572 1238 3635; x_wconf 92' lang='lat' dir='ltr'><strong>vel</strong></span> <span class='ocrx_word' id='word_1_270' title='bbox 1255 3573 1297 3636; x_wconf 94' lang='lat' dir='ltr'><strong>de</strong></span> <span class='ocrx_word' id='word_1_271' title='bbox 1307 3571 1447 3646; x_wconf 90' lang='lat' dir='ltr'><strong>Metidis,</strong></span> 
     </span>
     <span class='ocr_line' id='line_1_30' title="bbox 165 3687 1448 3773; baseline 0 -23"><span class='ocrx_word' id='word_1_272' title='bbox 165 3687 335 3752; x_wconf 84' lang='lat' dir='ltr'><strong>Minervae</strong></span> <span class='ocrx_word' id='word_1_273' title='bbox 352 3687 477 3765; x_wconf 90' lang='lat' dir='ltr'><strong>matris,</strong></span> <span class='ocrx_word' id='word_1_274' title='bbox 501 3689 649 3771; x_wconf 89' lang='lat' dir='ltr'><strong>cataposi</strong></span> <span class='ocrx_word' id='word_1_275' title='bbox 665 3688 754 3752; x_wconf 88' lang='lat' dir='ltr'><strong>dicta</strong></span> <span class='ocrx_word' id='word_1_276' title='bbox 771 3696 874 3752; x_wconf 87' lang='lat' dir='ltr'><strong>erant.</strong></span> <span class='ocrx_word' id='word_1_277' title='bbox 920 3690 1064 3773; x_wconf 87' lang='lat' dir='ltr'><strong>„Zagrei</strong></span> <span class='ocrx_word' id='word_1_278' title='bbox 1080 3689 1165 3753; x_wconf 93' lang='lat' dir='ltr'><strong>enim</strong></span> <span class='ocrx_word' id='word_1_279' title='bbox 1182 3712 1239 3753; x_wconf 90' lang='lat' dir='ltr'><strong>eor</strong></span> <span class='ocrx_word' id='word_1_280' title='bbox 1254 3698 1448 3755; x_wconf 88' lang='lat' dir='ltr'><strong>maceratum</strong></span> 
     </span>
     <span class='ocr_line' id='line_1_31' title="bbox 165 3807 1449 3893; baseline 0.002 -25"><span class='ocrx_word' id='word_1_281' title='bbox 165 3807 314 3870; x_wconf 91' lang='lat' dir='ltr'><strong>hausisse</strong></span> <span class='ocrx_word' id='word_1_282' title='bbox 331 3809 448 3871; x_wconf 86' lang='lat' dir='ltr'><strong>Jovem</strong></span> <span class='ocrx_word' id='word_1_283' title='bbox 464 3829 568 3891; x_wconf 91' lang='lat' dir='ltr'><strong>eoque</strong></span> <span class='ocrx_word' id='word_1_284' title='bbox 589 3807 678 3870; x_wconf 90' lang='lat' dir='ltr'><strong>intus</strong></span> <span class='ocrx_word' id='word_1_285' title='bbox 696 3816 855 3892; x_wconf 88' lang='lat' dir='ltr'><strong>concepto</strong></span> <span class='ocrx_word' id='word_1_286' title='bbox 872 3810 1111 3892; x_wconf 89' lang='lat' dir='ltr'><strong>proseminasse</strong></span> <span class='ocrx_word' id='word_1_287' title='bbox 1128 3809 1221 3893; x_wconf 88' lang='lat' dir='ltr'><strong>quasi</strong></span> <span class='ocrx_word' id='word_1_288' title='bbox 1238 3811 1382 3874; x_wconf 90' lang='lat' dir='ltr'><strong>alterum</strong></span> <span class='ocrx_word' id='word_1_289' title='bbox 1397 3809 1449 3871; x_wconf 85' lang='lat' dir='ltr'><strong>Za·</strong></span> 
     </span>
     <span class='ocr_line' id='line_1_32' title="bbox 166 3926 1448 4011; baseline 0.002 -25"><span class='ocrx_word' id='word_1_290' title='bbox 166 3945 298 4006; x_wconf 91' lang='lat' dir='ltr'><strong>greum,</strong></span> <span class='ocrx_word' id='word_1_291' title='bbox 321 3927 507 4011; x_wconf 90' lang='lat' dir='ltr'><strong>Dionysum</strong></span> <span class='ocrx_word' id='word_1_292' title='bbox 522 3926 718 4004; x_wconf 88' lang='lat' dir='ltr'><strong>iuniorem“,</strong></span> <span class='ocrx_word' id='word_1_293' title='bbox 741 3927 906 4010; x_wconf 85' lang='lat' dir='ltr'><strong>sagaciter</strong></span> <span class='ocrx_word' id='word_1_294' title='bbox 922 3928 1109 4011; x_wconf 90' lang='lat' dir='ltr'><strong>suspicatur</strong></span> <span class='ocrx_word' id='word_1_295' title='bbox 1123 3927 1359 3992; x_wconf 79' lang='lat' dir='ltr'><strong>Irobeekius</strong></span> <span class='ocrx_word' id='word_1_296' title='bbox 1376 3927 1448 4011; x_wconf 88' lang='lat' dir='ltr'><strong>Agl.</strong></span> 
     </span>
     <span class='ocr_line' id='line_1_33' title="bbox 167 4044 1450 4132; baseline 0.002 -26"><span class='ocrx_word' id='word_1_297' title='bbox 167 4065 199 4126; x_wconf 89' lang='lat' dir='ltr'><strong>p.</strong></span> <span class='ocrx_word' id='word_1_298' title='bbox 218 4047 291 4107; x_wconf 80' lang='lat'><strong>560.</strong></span> <span class='ocrx_word' id='word_1_299' title='bbox 338 4046 396 4109; x_wconf 82' lang='lat' dir='ltr'><strong>Sin</strong></span> <span class='ocrx_word' id='word_1_300' title='bbox 411 4044 520 4111; x_wconf 90' lang='lat' dir='ltr'><strong>omnia</strong></span> <span class='ocrx_word' id='word_1_301' title='bbox 534 4045 653 4131; x_wconf 88' lang='lat' dir='ltr'><strong>Z&#39;agrei</strong></span> <span class='ocrx_word' id='word_1_302' title='bbox 673 4054 707 4110; x_wconf 92' lang='lat' dir='ltr'><strong>et</strong></span> <span class='ocrx_word' id='word_1_303' title='bbox 723 4047 980 4111; x_wconf 85' lang='lat' dir='ltr'><strong>Bacchanalium</strong></span> <span class='ocrx_word' id='word_1_304' title='bbox 999 4047 1121 4110; x_wconf 91' lang='lat' dir='ltr'><strong>rituum</strong></span> <span class='ocrx_word' id='word_1_305' title='bbox 1138 4047 1296 4131; x_wconf 84' lang='lat' dir='ltr'><strong>vestigia,</strong></span> <span class='ocrx_word' id='word_1_306' title='bbox 1319 4048 1354 4112; x_wconf 96' lang='lat' dir='ltr'><strong>id</strong></span> <span class='ocrx_word' id='word_1_307' title='bbox 1370 4045 1450 4132; x_wconf 91' lang='lat' dir='ltr'><strong>quod</strong></span> 
     </span>
    </p>
   </div>
   <div class='ocr_carea' id='block_1_5' title="bbox 236 4249 1490 4404">
    <p class='ocr_par' dir='ltr' id='par_1_5' title="bbox 236 4249 1490 4404">
     <span class='ocr_line' id='line_1_34' title="bbox 237 4249 576 4315; baseline 0 -11"><span class='ocrx_word' id='word_1_308' title='bbox 237 4249 576 4315; x_wconf 50' lang='lat' dir='ltr'><strong>¹aafflnma</strong></span> 
     </span>
     <span class='ocr_line' id='line_1_35' title="bbox 236 4273 1490 4404; baseline 0 -16"><span class='ocrx_word' id='word_1_309' title='bbox 236 4336 246 4367; x_wconf 79' lang='lat'>²</span> <span class='ocrx_word' id='word_1_310' title='bbox 264 4339 383 4390; x_wconf 76' lang='lat' dir='ltr'><strong>Fortasse</strong></span> <span class='ocrx_word' id='word_1_311' title='bbox 397 4347 455 4389; x_wconf 87' lang='lat' dir='ltr'><strong>ante</strong></span> <span class='ocrx_word' id='word_1_312' title='bbox 468 4273 633 4391; x_wconf 69' lang='lat' dir='ltr'><strong>Plurarihum</strong></span> <span class='ocrx_word' id='word_1_313' title='bbox 645 4342 723 4391; x_wconf 83' lang='lat' dir='ltr'><strong>etiam</strong></span> <span class='ocrx_word' id='word_1_314' title='bbox 733 4341 866 4390; x_wconf 85' lang='lat' dir='ltr'><strong>Valerium</strong></span> <span class='ocrx_word' id='word_1_315' title='bbox 880 4339 1007 4391; x_wconf 84' lang='lat' dir='ltr'><strong>Soranum</strong></span> <span class='ocrx_word' id='word_1_316' title='bbox 1021 4355 1079 4390; x_wconf 85' lang='lat' dir='ltr'><strong>eam</strong></span> <span class='ocrx_word' id='word_1_317' title='bbox 1090 4341 1192 4404; x_wconf 83' lang='lat' dir='ltr'><strong>legisse,</strong></span> <span class='ocrx_word' id='word_1_318' title='bbox 1205 4341 1284 4391; x_wconf 91' lang='lat' dir='ltr'><strong>modo</strong></span> <span class='ocrx_word' id='word_1_319' title='bbox 1298 4342 1450 4392; x_wconf 87' lang='lat' dir='ltr'><strong>dictumest.</strong></span> <span class='ocrx_word' id='word_1_320' title='bbox 1488 4318 1490 4355; x_wconf 67' lang='lat'>³</span> 
     </span>
    </p>
   </div>
   <div class='ocr_carea' id='block_1_6' title="bbox 0 0 1502 4800">
    <p class='ocr_par' dir='ltr' id='par_1_6' title="bbox 0 0 1502 4800">
     <span class='ocr_line' id='line_1_36' title="bbox 0 0 1502 4800; baseline 0 0"><span class='ocrx_word' id='word_1_321' title='bbox 0 0 1502 4800; x_wconf 95' lang='lat' dir='ltr'><strong> </strong></span> 
     </span>
    </p>
   </div>
  </div>
 </body>
</html>
