2986 4800
720 225 761 286 94

656 313 826 320 ——ss

101 427 173 488 Nec
193 433 305 488 tamen
326 425 430 488 omnis
452 425 546 488 deest
566 426 724 508 temporis
747 425 1026 490 commemoratio.
1064 425 1148 488 Cum
1168 423 1254 487 enim
1276 424 1388 486 Chaos

101 545 230 608 dicatur
246 551 309 612 εἶναι
324 552 432 632 ἄπειρον
446 554 490 612 καὶ
505 555 549 613 διὰ
563 553 646 613 πολὺν
661 553 745 614 αἰῶνα
760 556 798 633 μὴ
816 553 887 636 ἔχειν
900 554 997 631 πέρας,
1015 544 1223 628 Perspissffllm
1243 550 1309 620 est,
1332 543 1390 605 hle

31 656 38 670 ⁸
101 686 230 747 quoque
244 663 397 727 similiter
410 671 509 748 atque
523 665 609 748 apud
622 665 806 728 Eudemum
820 666 963 747 Tempus
977 664 1017 727 ab
1032 663 1126 725 initio
1139 662 1244 725 totius
1258 684 1389 724 cosmo·

100 784 218 867 goniae
243 783 389 866 positum
413 783 525 847 fuisse.
566 785 647 847 Mox
671 806 747 847 vero
774 783 1046 848 Sanchuniathou
1072 806 1112 846 ex
1136 783 1262 865 Spiritu
1288 785 1334 864 (h.
1358 803 1388 845 e.

102 903 219 987 Colpia
234 905 348 985 ventu)
370 910 405 966 et
421 903 512 966 Chao
531 906 575 986 (h.
594 926 622 972 e.
641 907 729 987 Βάαυ)
746 927 812 967 non
828 910 911 985 Μώτ,
932 903 988 966 sed
1009 905 1157 966 Aeonem
1178 914 1390 985 procreatum

102 1044 173 1086 esse
187 1030 309 1101 narrat,
323 1045 421 1104 quem
435 1044 510 1085 oum
523 1022 636 1086 Moohi
649 1023 769 1085 Ulomo
785 1026 795 1106 l
820 1018 887 1116 hit)
901 1043 1081 1106 congruere
1093 1044 1188 1087 nemo
1203 1044 1270 1084 uon
1283 1021 1389 1084 videt.

102 1142 199 1205 Hunc
214 1142 318 1224 igitur
332 1144 481 1205 Aeonem
497 1164 602 1225 neque
618 1150 750 1226 tempus
766 1165 873 1225 neque
889 1143 997 1225 ipsum
1013 1142 1172 1205 mundum
1188 1140 1389 1223 significare,

102 1261 285 1324 rectissime
301 1262 381 1324 mihi
397 1261 529 1325 videtur
545 1264 736 1326 observasse
753 1264 919 1339 Movers‚¹
938 1262 996 1324 sed
1012 1262 1138 1325 nullam
1155 1260 1287 1324 omnino
1304 1267 1391 1323 tem-

102 1381 189 1464 poris
211 1376 487 1464 significationem
510 1382 586 1444 huic
611 1382 735 1444 nomini
759 1382 973 1460 remansisse,
997 1382 1077 1444 mihi
1102 1380 1298 1465 persuadere
1325 1402 1391 1441 non

102 1524 248 1584 possum.
274 1497 502 1587 Archetypum
520 1502 604 1564 enim
622 1508 684 1579 est,
701 1501 788 1584 quod
805 1503 845 1564 ab
863 1509 997 1564 aeterno
1013 1506 1127 1564 omnes
1139 1501 1173 1563 in
1188 1521 1222 1563 se
1239 1499 1392 1561 continet

102 1642 210 1683 rerum
232 1620 354 1683 formas
375 1628 409 1683 et
430 1622 596 1705 exempla,
619 1621 666 1684 ita
685 1628 723 1684 ut
744 1621 840 1683 simul
863 1621 986 1683 Chroni
1008 1629 1042 1684 et
1061 1620 1151 1683 illius
1171 1624 1242 1688 Μώτ
1261 1619 1390 1682 vicibus

103 1740 197 1822 fungi
218 1740 381 1803 videatur.
417 1740 522 1803 Sicuti
544 1748 656 1803 autem
678 1741 847 1803 abstracta
867 1741 925 1803 illa
946 1737 1080 1803 nomina
1099 1748 1247 1831 pptvoc'et
1267 1749 1330 1826 μώτ
1350 1739 1391 1801 ab

104 1861 218 1921 Aeone
235 1860 287 1923 vel
303 1860 423 1922 Ulomo
441 1860 669 1943 depelluntur,
691 1859 738 1923 ita
755 1861 852 1923 etiam
870 1861 920 1924 sol
942 1867 975 1924 et
995 1861 1073 1923 luna
1096 1866 1130 1922 et
1150 1859 1286 1935 stellae,
1310 1881 1390 1940 quas

105 1979 377 2042 Sanohuniathon
392 1979 427 2042 in
442 1979 547 2062 prima
561 1979 722 2042 relatione
739 2001 779 2042 ex
796 1981 868 2043 Ovo
885 1980 1071 2062 prorupisse
1088 1986 1214 2056 narrat,
1235 1978 1269 2041 in
1286 1978 1390 2040 alt-era

103 2099 291 2161 nominibus
315 2099 420 2183 magis
441 2098 678 2184 mythologicis
699 2099 909 2162 denotantur.
949 2100 1027 2162 Non
1048 2098 1133 2162 enim
1155 2098 1289 2175 dubito,
1314 2097 1389 2180 quin

103 2218 232 2302 proprie
254 2219 311 2281 ille
330 2228 502 2305 Πρωτόγονος
521 2220 700 2302 (Sanohun.
720 2243 753 2302 p.
773 2223 829 2296 14,
849 2222 899 2302 16)
922 2242 987 2282 non
1010 2218 1111 2282 frater
1131 2217 1233 2280 fuerit
1253 2217 1387 2292 Aeonis

104 2338 162 2400 sed
179 2339 246 2416 sol,
267 2338 322 2421 qui
338 2338 462 2421 primus
479 2359 520 2401 ex
536 2340 608 2401 Ovo
626 2339 667 2402 ab
684 2341 797 2402 Aeone
815 2338 928 2421 genito
945 2338 1127 2401 emicuerit.
1162 2339 1287 2420 Aperte
1305 2336 1388 2398 enim

103 2463 177 2519 tota
198 2459 278 2520 haee
300 2458 496 2541 genealogia
515 2458 644 2540 proprie
667 2459 872 2540 congruebat
894 2481 967 2521 cum
988 2459 1061 2536 illa,
1083 2457 1140 2520 ubi
1161 2464 1231 2525 Μώτ
1252 2457 1388 2519 tertium

104 2583 198 2640 tenet
213 2577 340 2653 locum;
364 2578 422 2640 sed
439 2578 591 2661 quoniam
607 2577 662 2641 hic
681 2601 746 2640 non
767 2578 872 2642 totius
893 2578 1005 2641 mundi
1025 2577 1083 2640 sed
1103 2576 1234 2660 generis
1254 2574 1388 2638 humani

108 2754 288 2760 -—--.-——--
294 2756 532 2763 *ἡ*

105 2853 224 2902 Fortasse
249 2855 279 2902 ad
305 2855 436 2904 veritatem
461 2856 565 2918 propius
590 2856 727 2917 accedunt,
754 2871 820 2918 quae
844 2855 1077 2916 Delitzschius‚
1102 2856 1141 2903 vir
1163 2863 1188 2904 et
1212 2854 1344 2902 doctrinae
1368 2867 1427 2900 a*

105 2940 271 2990 humanitatis
295 2943 397 2990 nomine
422 2943 542 3005 insignis,
571 2943 602 2990 de
627 2943 675 2990 hac
693 2956 720 2990 re
738 2957 838 2991 meeum
857 2943 966 3006 benigne
991 2941 1195 2991 communicavit.
1231 2935 1300 2990 ll‘lo'rr
1325 2940 1427 2987 enir-

106 3027 270 3075 derivandum
287 3035 360 3091 putat
378 3043 392 3076 a
411 3021 443 3080 'tiu
456 3049 487 3070 =
501 3023 546 3081 tiu
560 3053 591 3074 =
604 3038 719 3098 'tu-aqua
730 3031 775 3094 (cf.
795 3025 868 3106 :ultr
885 3034 947 3081 Gen.
966 3037 1004 3093 19,
1023 3031 1076 3095 37),
1096 3030 1168 3092 cujus
1188 3030 1300 3078 nominis
1320 3029 1427 3077 radi:

106 3112 138 3159 ait
162 3121 218 3189 πῃ
241 3114 367 3175 diffluere,
393 3115 507 3165 dissolvi.
543 3117 668 3165 Litteram
686 3135 700 3167 τ
719 3119 832 3165 additam
857 3133 912 3166 csse
938 3133 970 3166 ex
994 3117 1105 3180 quodam
1129 3131 1200 3163 more
1224 3114 1427 3163 Graecorurffi

107 3212 157 3258 quo
181 3214 372 3261 nonnumquam
391 3204 526 3264 peregrina
549 3204 675 3252 vocabula
698 3204 722 3251 iu
748 3204 863 3252 vocalem
889 3205 1008 3252 exeuntia
1032 3202 1103 3251 finali
1121 3220 1136 3252 τ
1154 3202 1192 3250 vel
1212 3198 1229 3251 t
1248 3201 1427 3249 ornaverit

107 3282 152 3346 (cf.
171 3285 321 3348 Joothpro
341 3280 392 3337 luo'r
419 3295 466 3363 iti}
490 3291 559 3353 apud
577 3290 724 3348 Irenaeum,
745 3291 773 3338 T.
795 3292 813 3338 I
823 3307 851 3354 p.
872 3292 922 3338 419
940 3292 980 3338 ed.
1002 3287 1124 3352 Stierea).
1163 3287 1210 3335 Sin
1234 3288 1284 3335 hoc
1309 3287 1427 3334 minu

107 3368 236 3430 probetur,
257 3371 333 3418 etiarn
346 3371 377 3418 ab
396 3373 453 3434 ipsa
465 3375 550 3422 radice
570 3382 624 3425 luth
638 3375 822 3422 substantivum
841 3375 994 3422 abstractum
1014 3367 1067 3440 rhu
1087 3372 1241 3434 ,dissolutio,
1261 3372 1390 3420 dit'fluxu
1407 3387 1424 3418 a

107 3453 210 3502 sorumri
234 3456 349 3517 potuisse
375 3457 420 3521 (cf.
440 3456 559 3517 Ewald,
584 3460 716 3508 Lehrbcoh
739 3461 765 3509 d.
791 3461 859 3509 hebr.
887 3461 1000 3523 Spruohe
1026 3441 1065 3523 [6.¹
1082 3461 1163 3522 Assy.
1184 3459 1290 3522 Leipaiq
1316 3455 1425 3520 1855]

110 3539 133 3601 5.
157 3544 203 3587 150
217 3541 252 3602 b).
278 3541 318 3588 lta
336 3536 404 3592 Μώτ
423 3557 478 3591 esse
497 3558 589 3606 aquam
608 3545 763 3592 seminosam
787 3544 824 3592 vel
843 3543 947 3592 fluctum
966 3559 982 3591 a
1001 3542 1098 3606 Spiritu
1117 3544 1240 3606 agitatum
1259 3550 1284 3591 et
1302 3541 1413 3605 genni-

106 3624 181 3695 nibus
208 3625 337 3674 refertum.
366 3655 394 3662 -
423 3626 450 3676 Si
475 3629 551 3677 verba
577 3627 622 3678 aul
646 3628 676 3680 ἐκ
700 3634 746 3698 τῆς
774 3625 852 3679 αὐτοῦ
878 3626 1026 3698 συμπλοκῆς
1052 3632 1096 3679 τοῦ
1122 3626 1265 3696 πνεύματος
1293 3626 1403 3695 ἐγένετο

108 3704 175 3760 Μώτ
188 3748 194 3760 .
209 3747 216 3760 .
232 3709 295 3761 ,καὶ
314 3711 344 3762 ἐκ
361 3711 458 3782 ταύτης
477 3713 576 3782 ἐγένετο
594 3719 663 3765 πᾶσα
682 3712 762 3785 σπορὰ
779 3711 885 3770 κτίσεως
902 3713 947 3764 καὶ
963 3714 1058 3783 γένεσις
1076 3722 1127 3765 τῶν
1140 3712 1208 3764 ὅλων
1227 3729 1286 3762 cum
1303 3711 1394 3761 ceteris

108 3795 243 3844 obscoenis
267 3797 426 3846 Phoenicum
451 3800 561 3848 cultibus
586 3801 716 3858 conferas,
743 3815 794 3848 nou
819 3801 904 3849 aliena
928 3801 976 3848 erit
1000 3801 1125 3862 suspicio,
1153 3800 1215 3848 illud
1240 3797 1386 3848 vocabulum

108 3869 319 3945 proprie'ipsum
338 3899 424 3933 semen
448 3885 520 3934 virile
545 3885 712 3948 significasse.
750 3887 785 3935 Et
808 3888 917 3936 fortasse
942 3887 1017 3934 etiam
1041 3887 1103 3934 illud
1128 3886 1266 3934 obscumm
1284 3883 1381 3932 Eudemi

109 3963 182 4023 brou,
202 3969 269 4028 quod
281 3969 382 4031 plurimi
400 3971 427 4017 iu
440 3968 490 4020 cu
507 3973 657 4019 mutandum
670 3980 832 4033 censuerunt,
851 3972 1037 4020 emendandum
1050 3979 1089 4019 est
1104 3972 1130 4019 iu
1144 3978 1229 4038 μῶτον
1245 3973 1270 4019 h.
1284 3988 1306 4018 e.
1324 3968 1377 4033 μώτ.

109 4050 217 4098 Videtur
241 4053 309 4100 enim
326 4055 479 4104 Damascius
502 4058 584 4105 verbis
603 4055 671 4107 κατὰ
694 4057 737 4108 τὸν
755 4063 812 4108 νοῦν
830 4055 902 4124 οἶμαι
924 4056 967 4107 τὸν
985 4055 1075 4126 νοητόν
1094 4057 1275 4119 etymologiam
1298 4053 1375 4101 addere

108 4135 178 4184 vocis
204 4135 268 4186 brou
287 4141 348 4187 satie
372 4141 484 4203 ineptam
503 4143 619 4204 quidem,
646 4143 735 4190 sedin
760 4152 872 4191 veterum
890 4143 1081 4191 Platonicorum
1104 4142 1175 4189 libris
1193 4141 1295 4189 minime
1318 4138 1374 4185 inau-

110 4220 196 4268 ditam.
241 4220 315 4281 Quod
341 4224 362 4272 si
386 4225 421 4272 ita
445 4234 496 4286 est,
524 4227 609 4276 littera
632 4247 646 4278 τ
670 4245 721 4277 non
745 4235 830 4291 potest
853 4229 960 4282 deleri..
982 4224 1077 4279 Muros
1101 4235 1187 4276 autem
1210 4227 1290 4290 magis
1313 4224 1374 4271 etium

109 4313 215 4355 assonat
232 4307 270 4356 illi
288 4307 387 4377 νοητόν,
407 4325 483 4372 quam
502 4311 575 4362 ὦτον.

164 4388 188 4419 '¹
207 4393 292 4443 Erash
310 4411 336 4446 u.
360 4397 467 4456 Gruter,
486 4399 542 4458 III,
561 4404 602 4458 24,
618 4416 647 4463 p.
668 4404 725 4447 412.
