2986 4800
689 192 730 254 33

62 398 233 485 προχυθείς),
254 404 272 481 ἢ
293 410 374 481 σῶμα
394 403 413 481 ἢ
434 408 531 484 σχῆμα
551 403 623 484 ἔχειν
644 405 795 480 δράκοντος,
816 407 1035 484 ἢκαταποθῆναι
1055 407 1107 467 ὑπὸ
1129 410 1355 478 ischiadicos

60 526 75 584 ὁ
99 523 170 590 Ζεὺς
195 524 339 604 ἀχώρητος
363 513 581 604 [ἀχώριστοςῗΓ
606 524 705 600 γένοιτο
712 539 720 590 ;
755 514 846 579 Haec
870 517 976 598 primo
1001 519 1122 581 obtutu
1150 541 1218 598 „ex
1242 521 1352 602 Rhap-

60 634 165 699 sodiis
190 634 318 697 dueta“
340 632 444 696 videri
468 633 561 716 (Agl.
585 633 609 695 l.
635 635 693 716 a),
722 656 843 718 negare
866 658 933 698 nou
955 659 1101 720 possum.
1147 638 1243 701 Unde
1267 638 1353 702 enim

60 757 301 836 Athenagoras
314 754 497 815 Phanetem
513 774 555 816 ex
565 753 639 816 Ovo
655 760 782 832 natum,
800 755 887 818 unde
903 756 973 838 ejus
990 756 1161 840 cataposin
1176 757 1354 839 sumpserit

60 873 190 938 nisiex
213 871 301 935 illis?
325 873 505 955 Propterea
526 871 591 937 nisi
610 871 767 950 viderem,
792 874 826 937 in
849 877 912 939 hac
933 896 1032 939 causa
1052 875 1118 939 iam
1138 883 1209 939 tam
1229 877 1352 939 multas

61 993 236 1077 opiniones
259 991 406 1074 prolatas
423 1011 505 1067 esse,
530 990 649 1072 quibus
665 1014 725 1075 pro
746 993 874 1057 ratione
896 994 1049 1058 stetisset
1070 995 1239 1074 voluntas,
1263 994 1352 1078 equi·

61 1115 139 1177 dem
162 1131 267 1175 novae
291 1109 499 1192 conjecturae
521 1131 700 1192 parcerem.
739 1112 838 1176 Nunc
859 1135 936 1177 vero
952 1135 1026 1177 mea
1047 1137 1177 1197 quoque
1193 1137 1258 1178 una
1279 1137 1353 1179 cum

63 1231 184 1297 ceteris
201 1229 352 1314 prodeat,
369 1228 403 1291 id
419 1235 508 1293 certe
524 1237 563 1292 ut
578 1229 642 1293 sibi
656 1231 739 1294 fides
757 1231 801 1294 sit
817 1232 982 1310 habitura,
1000 1233 1088 1316 quod
1102 1236 1353 1317 Athenagoram

63 1351 186 1416 ceteris
196 1369 327 1432 quoque
341 1348 424 1411 locis
435 1349 475 1412 de
490 1349 562 1412 sola
572 1349 765 1434 Hieronymi
776 1350 969 1433 'Pheogonia
983 1352 1075 1435 loqui
1084 1353 1181 1416 modo
1196 1353 1351 1417 vidimus.

65 1471 159 1534 Quid
174 1469 270 1547 euim,
294 1468 322 1532 si
336 1468 371 1532 in
386 1469 450 1533 hoc
467 1490 597 1551 quoque
619 1469 762 1534 carmine
779 1470 937 1534 Phanetis
961 1471 1125 1555 cataposis
1145 1472 1350 1549 tradebatur,

68 1590 97 1653 si
114 1613 156 1653 ex
171 1611 210 1652 eo
231 1589 361 1653 demum
381 1588 416 1651 iu
439 1595 567 1652 veteres
585 1588 747 1672 Orphioas
769 1589 982 1673 genealogias
1004 1590 1073 1654 sive
1094 1591 1129 1654 in
1144 1590 1351 1674 Rhapsodias

63 1708 334 1792 transmigravit?
364 1709 412 1770 At
434 1708 598 1790 quomodo
615 1710 745 1772 Phanes
767 1709 865 1773 modo
888 1732 929 1774 ex
945 1710 1018 1773 Ovo
1039 1716 1137 1774 natus
1160 1732 1231 1774 esse
1253 1711 1352 1773 modo

63 1830 96 1893 id
117 1829 190 1915 ipse
212 1828 365 1912 genuisse
387 1827 454 1890 diei
475 1829 607 1910 potest?
640 1828 694 1892 Sic
716 1829 802 1893 enim
827 1852 879 1893 res
901 1851 937 1893 se
958 1831 1075 1906 habet,
1103 1829 1131 1892 si
1152 1830 1351 1920 Lobeokio

64 1948 266 2014 credendum
288 1955 351 2026 est,
373 1947 470 2012 illum
486 1946 662 2011 Herculem
685 1956 914 2031 portentosum
932 1951 1043 2013 Solem
1064 1952 1098 2013 h.
1123 1971 1152 2013 e.
1169 1924 1353 2013 Phanetem

63 2068 256 2133 habendum
275 2089 358 2146 esse,
380 2066 462 2130 satis
478 2074 591 2149 aperte
607 2066 841 2150 significanti*
873 2070 960 2132 Nam
977 2091 1015 2133 ea
1034 2070 1162 2133 ratione
1179 2050 1351 2146 Hercules,

63 2189 117 2271 qui
141 2189 254 2251 Ovum
276 2186 396 2271 gignit,
420 2185 508 2250 idem
523 2186 672 2250 redditur
694 2210 768 2250 cum
785 2190 946 2267 Phanote,
970 2188 1025 2271 qui
1041 2209 1082 2252 ex
1098 2189 1170 2252 Ouo
1192 2188 1350 2252 nascitur.

64 2309 128 2372 Sed
151 2307 227 2390 quis
255 2329 297 2371 ex
317 2307 554 2389 Athenagorae
575 2306 686 2370 verbis
715 2312 801 2394 ὄνομα
816 2315 958 2396 Ἡρακλῆς
977 2318 1022 2377 καὶ
1042 2318 1145 2395 Χρόνος
1166 2307 1350 2390 collegerit,

63 2427 221 2492 Herculis
250 2425 401 2490 nomine³
427 2427 539 2489 Solem
563 2427 734 2490 denotari?
772 2428 914 2513 Tempus
941 2436 993 2493 est
1017 2428 1100 2491 illud
1125 2438 1241 2515 ἀγήραον
1265 2427 1353 2510 quod

64 2548 168 2612 etiam
176 2545 374 2610 Damascius
386 2553 622 2610 commemorat
632 2546 741 2611 verbis
756 2557 915 2636 ὠνομάσθαι
922 2556 1016 2638 χρόνον
1030 2557 1148 2634 ἀγήραον
1162 2554 1355 2634 καὶἯρανλῆα

62 2678 110 2736 rto
126 2676 213 2736 atsto.
242 2666 279 2728 Is
296 2673 407 2729 autem
420 2666 572 2728 Chronus
589 2688 646 2729 cur
661 2668 888 2750 segregandus
904 2667 949 2730 sit
965 2668 1005 2730 ab
1023 2689 1072 2745 eo,
1090 2667 1146 2749 qui
1162 2668 1202 2730 ab
1220 2666 1353 2729 exordio

64 2786 332 2871 Rhapsodiarum
361 2783 490 2869 positus
522 2793 587 2862 est,
625 2785 776 2868 equidem
807 2809 874 2849 non
903 2786 1064 2869 perspicio
1096 2807 1156 2849 nec
1185 2780 1368 2869 perspexit

58 2905 262 2971 Damasclus
286 2905 335 2969 ita
358 2926 514 2988 pergens:
549 2913 605 2974 Kal
627 2913 809 2992 ὑπολαμβάνω
832 2918 881 2993 τὴν
904 2917 931 2974 ἐν
952 2919 1009 2979 ταῖς
1026 2912 1195 2992 Ῥαψῳδίαις
1217 2913 1356 2989 θεολογίαν

57 3029 197 3115 ἀφιεῖσαν4
219 3031 272 3099 τὰς
285 3032 334 3095 iio
348 3033 456 3112 πρώτας
477 3031 565 3115 ἀρχὰς
580 3035 650 3112 μετὰ
664 3040 713 3112 τῆς
727 3039 789 3111 μνᾶς
801 3036 853 3112 πρὸ
868 3041 921 3095 τῶν
936 3039 1006 3094 δυοῖν
1019 3040 1068 3113 τῆς
1086 3038 1122 3112 τῇ
1137 3025 1216 3112 σιγῇ5
1237 3034 1354 3110 παραδο-

55 3155 161 3232 θείσης
177 3154 231 3212 ἀπὸ
246 3159 294 3232 τῆς
307 3153 396 3233 τρίτης
417 3153 486 3232 μετὰ
501 3154 549 3218 τὰς
565 3151 611 3212 δύο
627 3153 726 3231 ταύτης
741 3154 920 3231 ἐνστήσασθαι
934 3156 981 3232 τὴν
1002 3155 1088 3236 ἀρχὴν
1103 3156 1140 3218 ὥς
1153 3153 1262 3233 πρώτης
1276 3148 1356 3230 ῥητόν

53 3298 81 3336 τι
103 3271 228 3355 ἐχοῦσης
248 3273 292 3333 καὶ
312 3272 465 3352 σύμμετρον
484 3274 549 3350 πρὸς
570 3272 719 3350 ἀνθρώπων
740 3273 831 3340 ἀκοάς.
869 3271 954 3340 Οὗτος
973 3275 1023 3352 γὰρ
1044 3273 1077 3352 ἦν
1096 3274 1111 3332 ὁ
1131 3272 1310 3350 πολυτίμητος
1329 3271 1356 3330 ἐν

54 3384 175 3471 ἐκείνη6
202 3393 296 3474 χρόνος
316 3394 433 3471 ἀγήραος
453 3393 498 3451 καὶ
519 3389 627 3470 αἰθέρος
647 3392 692 3451 καὶ
711 3393 795 3474 χάους
815 3394 912 3472 πατήρ·
949 3395 1043 3471 ἀμέλει
1062 3393 1108 3453 καί
1132 3393 1203 3453 κατὰ
1222 3391 1355 3468 ταύτηνὸ

52 3591 162 3656 putavi,
182 3591 252 3640 idem
270 3592 302 3640 de
319 3591 434 3640 Phanote
459 3591 515 3639 eius
540 3589 593 3638 filio
618 3591 712 3639 valere.
748 3589 838 3652 Itaque
856 3590 1037 3655 Athenagoras
1060 3607 1113 3641 non
1131 3591 1247 3641 obscuris
1270 3589 1354 3638 verbis

55 3677 191 3736 declarat,
211 3690 238 3724 se
256 3677 382 3727 hocloco
401 3678 510 3726 eundern
529 3677 627 3726 fontem
645 3676 728 3739 sequi,
748 3691 824 3739 quem
842 3677 894 3726 iam
912 3693 990 3742 supra
1008 3686 1110 3728 secutus
1128 3679 1170 3728 sia

134 3759 144 3790 ¹
164 3760 206 3810 Ita
222 3761 410 3812 Lobeckius
429 3763 505 3812 scribi
523 3763 577 3811 vult
595 3763 669 3827 (Api.
690 3764 709 3812 l.
729 3763 774 3818 a).

132 3845 144 3876 ²
164 3848 228 3911 Api.
246 3865 275 3912 p.
296 3852 354 3896 485.

132 3931 144 3962 ⁸
164 3933 215 3982 Vel
238 3933 280 3996 (ut
301 3935 445 3984 accuratius
468 3933 563 3997 dicam)
587 3948 645 3983 eum
670 3933 758 3983 Solem
780 3935 911 3994 denotari,
936 3935 980 3997 qui
1004 3940 1107 3998 propter
1131 3933 1266 3981 candidum
1289 3933 1355 3981 lucis
1456 3941 1460 3949 ·

53 4022 195 4084 fulgorem
208 4013 298 4088 Φάνης
315 4021 439 4083 appellari
457 4021 549 4084 possit,
569 4034 621 4068 uon
641 4035 707 4080 eum,
727 4021 771 4082 qui
789 4021 870 4069 instar
882 4020 1000 4070 Herculis
1013 4019 1149 4067 duodecim
1167 4020 1240 4083 signa
1257 4019 1356 4068 zodiaci

51 4105 226 4173 permeantis
238 4105 371 4155 modulum
383 4107 506 4170 temporis
518 4105 649 4170 praebeat.
675 4106 750 4155 Hunc
763 4121 812 4168 ego
823 4106 960 4155 Herculem
973 4113 999 4153 et
1008 4102 1140 4153 Chrouum
1152 4105 1203 4154 dici
1214 4119 1266 4153 non
1278 4118 1353 4166 nego.

131 4188 144 4219 ⁴
165 4189 232 4239 Scil.
252 4186 321 4259 ὕδωρ
339 4199 365 4240 et
382 4196 431 4261 γῆν
448 4192 499 4255 (vel
520 4189 597 4254 ἰλύν),
617 4205 683 4255 quae
701 4191 872 4254 Hieronymus
891 4198 952 4239 ante
968 4187 1101 4238 Chrouum
1119 4200 1247 4253 posuerat.

130 4275 143 4306 ⁶
162 4277 205 4325 Ex
223 4276 381 4326 Lobeclrii
400 4276 467 4339 conj.
486 4292 534 4341 pro
551 4282 599 4345 τῆς
617 4281 689 4346 σιγης
706 4273 896 4346 παραδοθείσης
913 4276 988 4340 (Api.
1005 4293 1034 4340 ρ.
1054 4280 1103 4324 485
1123 4277 1157 4325 N.
1177 4277 1221 4337 t).

131 4361 352 4412 “Lobeckius
372 4362 446 4427 (Api.
462 4381 492 4428 p.
513 4369 562 4413 486
582 4366 616 4414 Ν.
636 4364 685 4428 tt):
707 4365 782 4425 „scih
801 4366 834 4435 τῇ
853 4362 879 4415 ἐν
896 4367 954 4419 ταῖς
968 4357 1129 4432 Ῥαψῳδίαις
1147 4358 1296 4430 θεολονίρ“.

1132 4450 1149 4476 ‘1
