2986 4800
693 204 732 266 ⁷9

63 403 198 487 positus
218 411 288 483 est,
311 405 399 487 quod
420 404 460 468 iis
482 406 703 488 agriculturae
725 407 825 471 vit-am
849 409 1051 472 venatoriam
1074 411 1129 472 vel
1151 411 1351 493 pastoralem

62 523 238 606 sequentis
253 523 431 607 primordia
447 525 715 605 celebrabantur,
732 549 840 590 nonne
857 528 1010 610 Orpheus
1025 550 1138 591 verum
1154 529 1351 593 narrationis

63 650 217 707 tenorem
233 644 378 707 servavit
394 645 548 708 Cererem
562 645 698 709 tradens
714 654 901 730 pastores
917 653 1021 710 artem
1037 647 1204 711 frumenta
1221 649 1352 712 serendi

65 762 236 842 docuisse,
260 763 423 828 Homerus
440 786 516 828 vero
533 787 685 848 perverse
701 766 786 848 egit,
810 788 884 828 cum
899 767 995 830 deam
1014 774 1178 831 errantem
1198 767 1232 831 in
1253 790 1350 850 agros

65 883 175 946 cultos
199 883 388 968 pervenisse
411 884 521 967 ibique
546 884 673 948 civibus
697 908 756 948 sua
779 908 913 949 munera
936 886 1067 951 dedisse
1090 887 1260 971 fingebat?
1305 888 1351 950 Et

66 1001 210 1066 fortasse
226 1005 309 1068 haec
324 1026 455 1088 quoque
471 1026 569 1067 causa
585 1004 665 1083 fuit,
690 1027 747 1068 cur
763 1006 862 1069 Ceres
878 1005 912 1069 in
925 1006 1058 1089 Hymno
1075 1029 1132 1091 pro
1149 1006 1351 1090 agricultura

67 1122 158 1206 orgia
181 1123 368 1188 condidisse
390 1123 572 1201 diceretur,
596 1123 715 1207 quihus
736 1124 886 1187 initiatus
908 1125 1045 1208 quisque
1072 1127 1201 1190 beatam
1228 1133 1351 1190 sortem

66 1243 247 1327 adepturus
268 1245 386 1307 esset.¹
425 1243 586 1327 Equidem
610 1244 774 1328 suspicor,
799 1266 841 1307 ex
860 1245 985 1327 Orphei
1008 1246 1175 1309 sententia
1195 1247 1351 1310 Eleusine
1455 1276 1464 1294 ·

67 1362 198 1426 nonnisi
213 1384 307 1426 sacra
323 1363 450 1427 Cereris
470 1370 504 1427 et
525 1362 684 1447 quosdam
705 1365 868 1428 solemnes
888 1363 985 1427 ludos
1004 1363 1160 1428 instituta
1180 1387 1268 1444 esse,
1290 1388 1350 1430 nec

67 1491 131 1546 tam
147 1484 257 1547 multa
273 1482 370 1546 credo
386 1484 567 1547 vocabula¹
583 1484 626 1547 ad
641 1491 729 1547 artes
746 1483 891 1567 magicas
908 1491 942 1546 et
961 1483 1176 1548 lustrationes
1197 1491 1350 1569 spectan-

69 1603 113 1665 tia
129 1603 164 1666 in
184 1602 350 1686 Orphicae
368 1604 579 1686 Theogoniae
599 1603 742 1687 simplici
760 1602 946 1666 narratione
968 1604 1159 1667 occurrisse.
1191 1604 1350 1688 Quisquis

66 1722 168 1806 igitur
188 1724 262 1807 ejus
283 1722 374 1786 modi
392 1723 596 1806 argumentis
617 1724 657 1787 ab
680 1723 790 1786 indole
813 1722 971 1787 librorum
994 1723 1110 1808 petitis
1133 1722 1258 1808 aliquid
1281 1745 1349 1787 mo-

66 1842 169 1906 menti
184 1843 310 1926 absque
324 1842 423 1906 certis
435 1843 635 1907 testimoniis
649 1843 813 1921 concedit,
828 1843 856 1906 is
870 1865 921 1906 me
934 1865 1001 1906 non
1013 1843 1223 1907 temerarium
1237 1842 1348 1922 ducet,

65 1963 91 2025 si
105 1962 321 2026 Homericum
337 1962 506 2047 Hymnum
525 1962 560 2025 in
577 1962 729 2026 Cererem
750 1970 828 2046 post
844 1963 1027 2045 Orphicum
1047 1985 1177 2027 carmen
1199 1970 1350 2026 nostrum

64 2084 224 2166 scripturn
253 2105 324 2147 esse
350 2084 532 2166 conjecero.
579 2082 663 2145 Cum
688 2089 799 2145 autem
823 2083 881 2144 ille
912 2083 1052 2165 hymnus
1077 2081 1147 2166 ipse
1171 2105 1236 2145 non
1265 2083 1349 2145 mul·

62 2210 135 2265 tum
159 2204 201 2266 ab
224 2201 363 2265 Hesiodi
382 2210 492 2265 aetate
511 2201 634 2265 distare
655 2201 842 2280 videatur‚⁸
865 2201 1128 2264 concludendum
1133 2249 1143 2278 ,
1170 2200 1349 2284 Orphicum

63 2322 292 2405 Theogoniam
324 2328 418 2385 aute
449 2321 620 2385 medium
655 2322 861 2386 saeculum
891 2328 1080 2385 octavum
1109 2320 1236 2405 prima
1264 2321 1349 2385 fere

63 2442 312 2527 Olympiade
337 2441 494 2524 scriptam
519 2464 601 2506 esse.
640 2442 681 2505 Id
706 2442 794 2525 quod
820 2464 856 2505 ec
883 2442 1110 2520 confirmatur,
1138 2441 1347 2525 quodetiam

63 2562 224 2646 Pamphi⁴
238 2561 363 2647 Hymni
378 2568 454 2646 post
470 2583 543 2625 eam
558 2562 713 2626 videntur
728 2560 905 2645 compositi
920 2583 1002 2625 csse.
1028 2561 1080 2624 Ex
1095 2560 1135 2624 iis
1151 2560 1248 2639 enim,
1266 2580 1348 2645 quae

61 2682 245 2748 Pausanias
260 2684 290 2762 I,
301 2686 387 2748 38.3
403 2689 437 2746 et
451 2685 534 2745 39.1
552 2688 674 2759 narrat,
692 2680 904 2744 manifestum
921 2690 983 2758 est,
1000 2681 1096 2743 illum
1113 2702 1242 2764 quoque
1257 2688 1348 2745 vete-

62 2825 132 2866 rem
155 2802 303 2866 fabulam
324 2802 365 2866 de
381 2801 496 2864 Baubo
518 2801 680 2885 respuisse
701 2806 736 2863 et
755 2800 907 2863 similiter
925 2808 1027 2882 atque
1045 2800 1213 2863 Homerici
1234 2800 1349 2884 hymni

64 2923 252 2986 auctorem⁵
279 2921 406 2986 Cereris
436 2922 617 2984 adventum
647 2927 681 2982 et
705 2919 860 2983 Eleusine
891 2919 1093 2982 mansionem
1123 2918 1346 3001 descripsisse.

135 3092 201 3147 ¹11.
220 3099 248 3146 e'n
267 3098 323 3148 Ger.
342 3114 367 3147 u.
388 3100 437 3146 476
450 3113 488 3161 aq.

132 3178 250 3255 ²''Opytu
276 3184 310 3233 ἐϋ.
338 3187 398 3243 273,
423 3186 486 3244 4763
515 3178 628 3249 εὐαγέως
653 3197 677 3230 u.
704 3182 762 3240 274,
786 3183 849 3239 3693
878 3177 973 3248 ἀτελής
998 3195 1022 3230 v.
1048 3183 1111 3240 4813
1139 3186 1207 3229 artes
1233 3180 1348 3244 magicae

61 3289 87 3322 a.
108 3275 158 3319 228
171 3286 220 3334 sq„
239 3273 288 3318 2³9
301 3285 339 3334 sq.

132 3353 203 3405 ³Cl.
224 3356 288 3407 Hes.
309 3357 379 3404 Soet.
400 3355 480 3405 Herc.
503 3366 536 3401 ex
554 3352 677 3414 recognit.
697 3358 722 3400 et
740 3366 762 3400 c.
782 3351 908 3400 animadv.
930 3352 975 3402 Fr.
989 3353 1024 3402 A.
1045 3352 1131 3419 Wolfii
1148 3353 1188 3401 ed.
1209 3353 1240 3402 F.
1259 3353 1349 3401 Rmrke

64 3442 216 3508 (emulino.
238 3440 325 3504 reto),
342 3458 370 3506 p.
391 3443 518 3488 aso-oa.

39 3556 43 3562 -
132 3522 144 3554 ⁴
161 3527 203 3575 De
215 3525 316 3574 Musaei
329 3524 430 3588 Hymno
449 3525 476 3572 in
490 3522 609 3573 Cererem
628 3523 719 3587 (Parsa.
733 3523 757 3581 I,
770 3527 812 3572 22.
826 3521 851 3585 7)
871 3522 981 3585 aliisque
1000 3524 1155 3573 carminibus
1173 3524 1204 3572 ad
1217 3522 1349 3571 Eleusinia

63 3612 240 3679 spectantibus
263 3611 415 3676 (Pascua,
434 3612 556 3659 Musaeus
575 3608 691 3675 [Lapsa
713 3609 800 3670 1810]‚
815 3626 844 3672 p.
867 3613 896 3658 17
909 3625 959 3673 aq„
979 3608 1023 3672 55)
1047 3624 1129 3673 paene
1147 3608 1212 3657 nihil
1230 3608 1349 3656 traditum

62 3706 111 3758 est,
131 3705 160 3746 nt
178 3697 275 3759 aliquid
294 3697 325 3744 de
342 3696 374 3744 iis
392 3696 485 3744 addere
503 3697 723 3758 supersedeamus.
760 3695 832 3743 Idem
850 3695 881 3742 de
898 3694 1027 3757 Eumolpo
1046 3696 1190 3744 dicendum.

133 3779 277 3832 ⁶Primum
300 3783 355 3846 ipse
374 3782 516 3830 Pausanias
539 3781 644 3829 nomina
664 3780 768 3829 Homeri
794 3787 819 3828 et
836 3781 944 3843 Pamphi
969 3779 1109 3843 conjungit.
1146 3781 1247 3830 Deinde
1271 3781 1349 3829 etiam

62 3869 195 3932 Pamphns
219 3868 298 3916 habet
320 3867 425 3915 nomina
443 3865 515 3916 Celei
539 3872 565 3915 et
582 3866 724 3914 Metanirae
743 3864 846 3928 Orpheo
870 3866 967 3928 ignota.
1003 3866 1144 3915 Pausanias
1168 3873 1301 3930 praeterea
1322 3867 1347 3915 in

63 3969 110 4003 sno
124 3953 256 4001 Homerici
269 3953 364 4016 Hymni
380 3937 498 4015 euemplo
516 3952 606 4000 eadem
622 3952 727 3999 nomina
742 3951 851 3999 tiliarum
864 3948 935 3999 Celei
952 3951 1023 4014 legit,
1043 3966 1109 4013 quac
1126 3951 1193 4014 apud
1205 3951 1349 4013 Pamphum

63 4039 201 4088 exstabant
223 4037 365 4100 Diogenis,
388 4037 567 4101 Pammerope,
595 4035 713 4084 Sacsara.
749 4037 779 4084 ln
802 4036 896 4084 nostris
920 4035 1074 4084 editionibus
1098 4037 1133 4100 (o.
1157 4034 1214 4099 109)
1240 4042 1349 4098 quatuor

62 4127 115 4174 alia
138 4125 267 4188 leguntur.
304 4122 393 4184 Neque
416 4122 466 4170 hoc
490 4123 573 4171 solum
599 4127 712 4169 mutatae
740 4121 859 4169 lectionis
885 4121 1018 4182 vestigium
1043 4127 1089 4169 est.
1126 4121 1192 4170 Nam
1214 4123 1244 4180 Ι,
1266 4126 1308 4169 38.
1332 4126 1347 4168 2

63 4212 209 4261 Pausanias
227 4209 367 4258 Homerum
384 4208 411 4257 in
430 4207 542 4256 carmine
563 4222 610 4256 sno
628 4206 783 4269 Eumolpum
801 4204 914 4275 ἀγήνορα
932 4219 1023 4253 vocare
1042 4206 1112 4266 dicit,
1131 4207 1199 4269 quod
1218 4207 1349 4269 epitheton

62 4312 131 4347 nunc
153 4296 324 4344 desideratur.
362 4293 506 4353 Quominns
531 4301 616 4342 autem
634 4292 788 4340 Pausaniam
812 4291 844 4338 ad
868 4290 938 4338 aliud
961 4291 1126 4341 Homericum
1149 4307 1252 4342 carmen
1276 4306 1348 4356 spec·

62 4392 117 4433 tare
136 4378 272 4447 putemus,¹
286 4382 378 4442 obstat,
400 4381 468 4444 quod
486 4382 526 4440 II,
547 4387 586 4429 14.
607 4387 621 4428 2
640 4378 722 4428 nostri
739 4378 827 4466 hymni
846 4392 933 4426 versus
951 4380 1085 4426 tut-476
1104 4378 1137 4426 ad
1154 4377 1259 4425 verbnm
1276 4378 1346 4426 citat.
