2986 4800
697 180 715 240 3

622 266 793 275 -——-—.

64 380 172 442 solum
196 401 263 442 non
288 386 464 442 cunctatur
489 401 621 442 carmen
646 382 739 464 cujus
764 381 831 445 sint
854 382 1011 465 reliquiae
1036 384 1186 447 Platonis
1211 387 1353 470 tempori

61 498 241 601 vindicare,
264 499 323 562 sed
337 499 531 580 praesertim
552 499 703 583 vestigiis
720 501 851 564 fabulae
873 502 913 564 de
930 502 1047 585 Zagrei
1068 510 1175 567 morte
1196 504 1352 569 insistens

61 641 98 682 eo
116 618 281 703 procedit,
298 625 337 680 ut
356 617 605 681 Onomacritum
622 620 691 682 eius
708 628 876 684 auctorem
894 643 965 684 esse
984 623 1174 686 contendat.
1215 625 1309 688 Quae
1325 624 1353 687 si

61 760 193 802 mecum
209 745 339 821 reputo,
360 737 570 801 admirationi
583 739 743 802 acuminis
760 747 795 803 et
810 740 1004 804 eruditionis
1021 741 1082 804 1111
1097 742 1353 824 ingeniosissimi

61 865 196 921 tantum
212 857 359 920 tribuere
375 880 441 920 non
456 880 602 941 possum,
624 866 662 922 ut
679 880 753 922 eum
770 881 852 942 quae
868 860 1011 923 voluerit
1028 863 1258 946 comprobasse
1276 884 1352 925 con·

61 979 190 1041 cedam.
231 977 314 1040 Quis
336 976 422 1040 enim
443 984 601 1061 praestat,
623 979 773 1042 Platonis
796 986 830 1042 et
846 980 978 1042 Proculi
995 981 1157 1063 Orpheos,
1180 988 1353 1066 propterea

62 1097 152 1180 quod
174 1098 335 1160 nonnulla
355 1096 396 1159 iis
421 1097 607 1160 communia
629 1097 710 1176 sint,
738 1099 838 1162 etiam
861 1100 901 1162 de
923 1099 1041 1163 ceteris
1067 1122 1179 1163 secum
1200 1123 1266 1164 non
1287 1100 1353 1164 dis·

63 1217 217 1299 crepare?
242 1218 297 1280 An
312 1219 376 1280 hoc
396 1217 472 1279 inde
489 1216 647 1299 sequitur,
673 1219 761 1300 quod
778 1240 818 1281 ex
840 1218 1036 1301 fragmentis
1053 1227 1221 1302 appareat;
1243 1227 1355 1284 totum

63 1359 198 1399 carmen
214 1343 284 1398 tam
298 1337 401 1419 probe
419 1358 603 1398 connexum
620 1336 731 1415 fuisse,
750 1345 789 1400 ut
805 1336 891 1401 sicut
907 1360 1017 1430 varam
1035 1338 1123 1401 vibia
1139 1361 1353 1421 unamquam-

65 1477 131 1536 que
146 1462 275 1537 partem
289 1462 417 1518 ceterae
432 1456 675 1538 subsequantur
690 1463 842 1539 oporteat
855 1456 1004 1539 nihilque
1015 1457 1055 1520 de
1070 1458 1143 1519 loco
1155 1479 1214 1519 suo
1229 1456 1355 1520 moveri

66 1572 187 1655 possit,
207 1573 283 1656 quin
293 1573 399 1637 omnia
414 1575 591 1638 turbentur
607 1583 641 1638 et
656 1576 876 1639 misceantur?
901 1577 965 1639 Sed
976 1583 1014 1638 ut
1029 1583 1158 1639 taccam
1171 1598 1269 1654 nuno,
1288 1599 1355 1638 11011

62 1715 171 1775 pauca
193 1693 375 1775 pugnantia
396 1693 430 1756 in
451 1693 646 1777 fragmentis
668 1694 843 1759 tralaticiis
866 1695 984 1774 inesse,
1008 1717 1119 1779 perse
1141 1694 1355 1758 manifestum

63 1820 127 1889 est,
148 1811 308 1875 eiusmodi
325 1813 479 1891 carmina,
499 1814 607 1896 qualia
624 1814 690 1877 sint
705 1815 917 1898 theogoniae,
935 1821 1087 1878 nontam
1104 1822 1194 1878 arcte
1216 1814 1303 1878 inter
1319 1836 1354 1878 se

62 1935 241 1995 cohaerere
266 1955 363 2015 posse
389 1956 486 2015 quarn
511 1941 683 2015 poetarum
714 1934 882 2016 epicorum
905 1934 958 1996 vel
983 1933 1185 2016 tragicorum
1213 1932 1353 1998 fabulas.

62 2051 155 2114 Quid
175 2051 262 2115 enim
279 2051 391 2130 refert,
409 2060 520 2114 utrum
536 2053 569 2115 in
585 2052 791 2136 genealogiis
807 2075 865 2135 per
886 2054 988 2136 longa
1004 2053 1111 2136 spatia
1133 2052 1284 2116 deductis
1307 2054 1354 2116 al-

60 2179 172 2234 terum
188 2172 374 2234 membrum
391 2170 550 2234 exciderit
566 2172 708 2235 alterum
724 2172 875 2236 additum
891 2172 945 2250 sit,
971 2196 1010 2236 an
1028 2194 1141 2235 omnes
1157 2170 1354 2256 propagines

62 2314 198 2374 prorsus
212 2291 340 2354 intacto
351 2290 464 2354 ordine
482 2313 552 2354 sese
564 2291 748 2374 excipiant?
771 2293 844 2355 Nec
855 2291 882 2354 si
898 2292 977 2355 ordo
988 2292 1142 2354 turbatus
1160 2299 1221 2370 est,
1233 2312 1355 2372 magna

62 2417 136 2474 arte
153 2418 254 2493 atque
270 2410 403 2493 ingenio
420 2409 449 2473 ei
466 2432 547 2492 opus
565 2410 637 2488 erit,
657 2411 713 2493 qui
727 2412 862 2475 lacunas
874 2413 1017 2494 explere,
1036 2417 1180 2474 tumores
1195 2409 1352 2492 levigare,

64 2552 182 2593 omnes
198 2537 309 2613 partes
325 2553 437 2593 rursus
454 2529 502 2593 ita
517 2530 604 2593 inter
620 2552 654 2593 se
671 2530 845 2594 conciliare
862 2530 1015 2608 voluerit,
1034 2536 1072 2592 ut
1087 2531 1225 2593 hebetes
1242 2550 1356 2592 eorum

65 2650 123 2732 qui
147 2651 250 2734 vulgo
275 2651 394 2732 legunt
424 2649 537 2712 oeulos
562 2649 670 2713 fallat.
723 2649 798 2712 Nisi
822 2649 925 2732 igitur
956 2651 1040 2712 alter
1064 2647 1252 2712 Lobeohius
1278 2669 1355 2710 con·

65 2768 217 2832 tentione
231 2771 380 2832 locorum
391 2769 479 2852 apud
488 2775 617 2833 veteres
633 2776 666 2832 et
677 2769 876 2832 recentiores
890 2777 1095 2852 repertorum
1109 2766 1355 2830 accuratissime

64 2889 158 2951 facta
179 2889 379 2971 probaverit,
406 2896 502 2952 vetus
526 2889 676 2952 Platonis
699 2889 851 2952 carminis
875 2887 1012 2971 Orphici
1035 2888 1202 2968 exemplar
1222 2908 1355 2968 prorsus

64 3008 155 3071 idem
172 3007 275 3072 fuisse
290 3031 363 3071 curn
381 3030 430 3087 co,
449 3031 512 3092 quo
524 3008 683 3070 Proculus
700 3031 778 3070 usus
796 3007 850 3085 sit,
869 3007 1019 3070 dubitare
1035 3004 1161 3081 licebit,
1180 3028 1221 3067 111
1238 3003 1355 3086 aliquis

64 3127 261 3191 recentioris
283 3127 403 3192 aetatis
426 3127 591 3211 Orphieae
613 3134 751 3210 poeseos
774 3134 901 3190 amator
922 3125 1033 3190 nescio
1056 3149 1120 3207 qua
1140 3122 1277 3186 libidine
1299 3122 1356 3185 ad·

64 3248 189 3310 ductus
212 3247 377 3311 sincerum
393 3269 524 3311 carmen
547 3269 621 3311 eum
637 3245 672 3309 in
693 3247 828 3309 modum
849 3244 1095 3322 adulteraverit,
1120 3251 1158 3306 ut
1174 3264 1257 3326 quae
1280 3264 1356 3305 con-

64 3366 141 3429 silio
159 3368 317 3430 obessent
334 3375 509 3444 resecaret,
528 3366 592 3430 alia
605 3388 682 3429 vero
699 3366 878 3448 eademque
894 3363 1089 3448 gravissima
1106 3371 1139 3426 et
1155 3360 1357 3446 amplissima

64 3488 121 3550 vel
144 3487 185 3550 de
208 3509 266 3549 suo
290 3487 427 3550 adderet
447 3487 500 3550 vel
523 3508 563 3549 ex
585 3485 658 3548 aliis
681 3485 907 3548 cumGraecis
929 3491 1000 3546 tum
1023 3482 1204 3565 peregrinis
1226 3480 1357 3564 scriptis

64 3605 279 3689 compilando
295 3605 501 3670 transferret.
541 3605 752 3688 Quapropter
767 3603 871 3667 sat-ius
888 3602 978 3681 duxi,
996 3625 1062 3665 11011
1077 3608 1172 3665 tanto
1188 3601 1358 3683 palearum

63 3724 388 3807 Neoplatonicarum
404 3748 519 3789 acervo
536 3747 627 3788 raros
643 3723 945 3787 vetustissimorum
962 3721 1159 3804 scriptorum
1175 3720 1266 3780 locos
1282 3724 1356 3780 tan-

62 3867 168 3928 quam
184 3867 286 3927 grana
299 3845 446 3929 dispersa
462 3844 653 3922 admiscere,
672 3843 730 3907 sed
745 3844 806 3905 hos
823 3841 1033 3924 potissimum
1049 3837 1205 3920 colligere
1222 3844 1256 3900 et
1271 3836 1358 3900 inter

60 3986 100 4028 se
129 3964 329 4028 conferendo
352 3964 553 4041 examinare,
579 3955 617 4026 ut
638 3962 714 4025 inde
735 3970 864 4046 pateat,
892 3960 980 4044 quod
1001 3956 1101 4020 fuerit
1125 3962 1358 4040 argumentum

58 4083 145 4150 libri
171 4106 190 4146 a
212 4084 351 4148 Platone
376 4082 515 4147 laudati.
563 4083 660 4146 Quod
686 4082 714 4144 si
737 4080 946 4165 perspicuum
969 4076 1083 4155 fuerit,
1109 4075 1207 4140 facile
1230 4074 1293 4139 erit
1316 4074 1359 4137 ad

56 4203 329 4288 dijudicandum,
353 4211 465 4267 utrum
480 4201 585 4266 totius
609 4200 760 4265 carminis
783 4221 912 4262 summa
933 4205 968 4262 et
984 4197 1062 4260 ordo
1086 4193 1261 4260 conveniat
1283 4214 1358 4255 cum

35 4325 116 4404 ·iis,
145 4345 229 4406 quae
250 4345 291 4386 ex
306 4322 554 4387 Platonicorum
576 4319 772 4405 fragmentis
790 4317 924 4400 cognita
945 4319 1115 4394 habemus,
1140 4339 1182 4378 111
1198 4312 1359 4397 quaedam

1105 4423 1120 4468 1
1127 4418 1142 4451 ff
