2986 4800
729 187 768 246 ffl

99 395 200 471 gatae
221 394 390 471 postremo
415 410 435 451 a
455 386 608 472 quopiam
629 395 728 471 poeta
749 387 871 451 litteris
892 389 1142 467 mandarentur,
1169 397 1282 453 tamen
1304 389 1338 453 id
1357 412 1393 454 re

98 506 322 571 rarefactum
339 528 410 571 esse
426 529 493 570 non
508 506 598 591 prius
616 507 809 589 crediderim
826 531 922 590 quam
938 507 1042 572 fuerit
1049 509 1324 589 demonstratum,
1343 533 1391 588 ea,

96 649 183 711 quae
211 647 253 690 ex
274 625 470 710 fragmentis
493 649 748 710 cognoscamus,
776 627 900 710 optime
921 650 1101 711 congruere
1127 651 1202 692 cum
1225 629 1282 707 iis,
1310 651 1392 712 qnae

96 754 232 811 veteres
248 746 385 809 tradant
401 747 441 809 de
457 746 538 825 vita,
556 747 660 825 cultu,
678 746 839 831 religione
856 747 945 811 illius
962 746 1107 812 fabulosi
1123 748 1260 832 Orphei.
1308 738 1393 811 Sunt

96 874 214 931 autem
229 865 295 929 tria
310 864 531 950 potissimum,
551 888 634 948 quae
649 865 745 930 nobis
761 866 802 930 de
819 867 953 951 Orpheo
970 870 1088 951 poeta¹
1106 874 1291 931 narrantur.
1321 866 1392 930 Pri·

97 1009 191 1050 mum
215 991 287 1048 erat
308 986 418 1048 Thrax
432 984 596 1061 Pierius3'
619 985 737 1049 deinde
757 986 870 1050 Solem
891 988 945 1050 vel
962 987 1154 1070 Apollinem
1175 1009 1252 1073 prae
1274 987 1392 1050 ceteris

98 1106 161 1169 diis
185 1105 307 1183 coluit,
330 1107 500 1168 Bacchum
521 1127 598 1168 vero
619 1106 806 1189 neglexit3³
832 1106 931 1170 tertio
954 1107 1063 1191 poesis
1085 1107 1156 1190 ejus
1178 1105 1393 1171 sacerdotalis

96 1233 171 1289 erat
197 1232 232 1288 et
253 1224 404 1288 melica.4
450 1224 594 1288 Primum
616 1224 719 1308 igitur
739 1226 772 1288 in
793 1226 985 1309 Theogonis
1005 1235 1135 1306 nostra,
1162 1227 1190 1290 si
1212 1249 1295 1310 quae
1317 1247 1393 1290 vere

100 1344 250 1428 Orphica
266 1343 442 1422 continuit,
463 1345 625 1427 quaedam
640 1343 776 1408 infuisse
791 1366 926 1408 necesse
944 1353 1006 1423 est,
1029 1366 1111 1428 quae
1128 1344 1302 1409 Thraciam
1317 1344 1392 1408 reli-

100 1465 234 1548 gionem
256 1463 471 1526 redoluerint.
518 1464 661 1527 Thraces
683 1472 793 1527 autem
815 1464 962 1550 exceptis
984 1465 1095 1543 Getis,
1123 1463 1178 1547 qui
1202 1464 1235 1527 in
1258 1463 1392 1528 sedibus

102 1581 171 1645 suis
185 1582 281 1646 Piero
299 1581 406 1646 monti
421 1604 554 1666 prorsus
571 1582 742 1646 contrariis
759 1583 931 1647 Zalmoxin
946 1585 1189 1648 venerabantur
1210 1592 1244 1647 et
1260 1583 1392 1646 immor-

101 1703 187 1765 tales
204 1701 331 1766 animas
347 1709 581 1785 postmortem
597 1703 728 1765 beatam
745 1704 832 1786 apud
848 1726 922 1767 eum
938 1703 1042 1767 vitam
1058 1703 1208 1799 obtinere
1225 1702 1392 1767 existima·

100 1822 217 1900 bant,⁶
234 1822 276 1885 ab
293 1822 465 1885 Herodoto
483 1821 536 1904 (V,
555 1823 585 1902 6)
602 1821 757 1885 dicuntur
772 1831 854 1898 θεοὺς
867 1833 997 1908 σέβεσθαι
1013 1831 1154 1910 μούνους
1167 1831 1275 1899 τοῦςδε·
1312 1828 1394 1909 Ἄρεα

97 1951 143 2010 καὶ
158 1945 286 2010 Διόνυσον
300 1951 346 2011 καὶ
356 1948 491 2027 Ἄρτεμιν.
513 1942 623 2023 Reges
638 1962 715 2003 vero
731 1950 903 2024 praeterea
918 1941 1018 2005 etiam
1034 1943 1236 2008 Mercurium
1252 1941 1393 2005 maxime

100 2063 211 2125 colere
232 2069 267 2125 et
287 2084 452 2124 summum
474 2060 573 2123 deum
592 2060 725 2123 habere.
772 2059 827 2123 Ita
847 2060 979 2143 quidem
1001 2061 1203 2124 Herodotus.
1251 2062 1317 2124 Sed
1338 2060 1392 2123 vix

97 2180 211 2258 credo,
230 2180 374 2244 Thraces
390 2180 481 2243 mille
498 2178 591 2242 annis
608 2186 684 2242 ante
695 2179 902 2242 Herodotum
914 2179 1040 2263 Orphei
1055 2188 1165 2243 aetate
1181 2180 1246 2243 iam
1259 2179 1393 2243 eosdem

98 2322 208 2383 neque
229 2300 316 2363 ullos
339 2299 421 2363 alios
439 2300 518 2362 deos
535 2299 688 2362 coluisse.
734 2298 920 2383 Dionysum
941 2298 974 2361 iu
990 2298 1164 2363 Thraciam
1179 2320 1316 2384 peregre
1336 2299 1392 2362 ad-

99 2420 247 2498 venisse,
273 2442 346 2482 cum
362 2418 511 2503 Lycurgi
526 2418 640 2482 fabula
655 2417 721 2481 iam
737 2419 777 2482 ab
794 2417 939 2482 Homero
957 2419 1011 2501 (Il.
1030 2423 1066 2497 6,
1091 2422 1152 2483 130
1169 2422 1232 2502 sq.)
1248 2424 1391 2497 narrata,

98 2547 173 2603 tum
199 2538 302 2622 ipsius
327 2537 452 2622 Orphei
474 2538 591 2601 caedes
616 2561 634 2600 a
656 2538 797 2601 Bacchis
818 2539 1026 2621 perpetrata⁶
1049 2538 1130 2600 satis
1152 2539 1290 2621 probare
1312 2536 1394 2601 mihi

98 2660 268 2723 videntur.
315 2657 507 2742 Apollinem
528 2663 640 2720 autem
662 2663 737 2719 ante
753 2656 938 2740 Dionysum
955 2657 1137 2720 Thracibus
1154 2680 1219 2720 non
1239 2656 1393 2740 ignotum

98 2779 215 2856 fuisse,
240 2777 382 2841 fortasse
398 2777 474 2841 inde
492 2775 727 2859 colligendum,
752 2776 839 2858 quod
859 2776 946 2858 apud
962 2776 1143 2839 Homerum
1160 2775 1326 2860 Apollinis
1343 2799 1393 2838 sa·

98 2900 219 2963 cerdos
231 2897 410 2984 Thracius⁷
428 2905 706 2960 commemoratur
721 2903 755 2958 et
771 2895 859 2977 quod
870 2896 1022 2978 Orpheus
1034 2896 1156 2973 Solem,
1175 2917 1272 2977 quem
1289 2895 1393 2976 Apol·

96 3019 204 3083 linem
214 3016 394 3094 vocaverit,
411 3016 445 3080 in
455 3019 609 3100 Pangaeo
626 3022 739 3078 monte
755 3015 954 3092 adoravisse,
972 3014 1155 3098 Dionysum
1173 3022 1283 3076 autem
1299 3013 1392 3075 nullo

99 3169 283 3178 -.—.—-—-

171 3239 181 3270 ¹
199 3242 241 3291 De
261 3241 316 3304 ejus
334 3242 408 3305 podsi
426 3249 526 3291 tanturn
543 3241 585 3288 hic
604 3239 742 3303 quaeritur,
763 3246 863 3288 ceterae
882 3238 937 3300 ejus
956 3246 1022 3288 artes
1040 3240 1179 3288 mittendae
1198 3246 1265 3287 sunt.

169 3325 362 3388 2Gerhard,
382 3328 401 3377 l.
422 3345 444 3376 c.
461 3344 490 3391 p.
510 3331 543 3374 45
562 3327 597 3375 N.
620 3330 659 3373 ll.

170 3410 241 3463 ⁸15.
256 3430 287 3478 p.
307 3418 339 3461 49
359 3414 393 3462 Ν.
414 3417 455 3472 aa,
476 3416 522 3472 293
541 3411 573 3459 cf.
595 3412 629 3461 Ν.
650 3415 692 3471 25,
713 3415 753 3470 55,
774 3415 816 3459 ac.

168 3496 241 3548 ⁴15.
262 3500 297 3548 N.
318 3503 359 3558 81,
384 3504 427 3546 14:
447 3497 550 3558 Bode,
571 3498 589 3546 l.
610 3514 633 3546 c.
648 3513 678 3561 p.
701 3501 748 3544 139
762 3513 799 3561 sq.

169 3582 181 3611 ⁵
200 3583 280 3633 Getas
299 3597 427 3631 unacum
445 3583 552 3630 Trausis
572 3589 597 3629 et
618 3585 672 3637 τοῖς
690 3577 836 3650 κατύπερθε
856 3575 1055 3651 Κρηστωναὶους
1073 3581 1218 3630 Herodotus
1242 3578 1394 3627 nominatim

98 3670 228 3720 discernit
246 3684 262 3717 a
280 3670 373 3717 ceteris
385 3667 538 3717 Thracibus.
577 3665 627 3715 Sed
646 3666 739 3714 Transi
757 3673 782 3714 et
800 3663 951 3714 Orestonaei
970 3680 1022 3714 non
1040 3666 1090 3714 nisi
1109 3664 1262 3727 quibusdam
1278 3661 1393 3710 moribus

97 3756 197 3805 diversi
211 3755 341 3817 dicuntur,
354 3753 435 3802 Getae
448 3753 497 3802 soli
510 3751 636 3814 religione
649 3759 674 3799 et
686 3751 756 3800 cultu
769 3751 810 3800 dei
823 3751 1011 3814 discrepabant,
1026 3751 1059 3799 cf.
1070 3751 1169 3800 Herod.
1186 3749 1215 3805 V,
1226 3753 1241 3795 4
1252 3754 1277 3795 et
1285 3748 1305 3795 Ι
1307 3747 1337 3805 V,
1350 3751 1392 3795 94.

170 3838 346 3903 ⁶Aeschylus
374 3840 401 3887 in
423 3837 603 3887 Bassaridibus
626 3851 684 3884 eam
707 3837 733 3884 in
758 3851 862 3885 scenam
891 3837 1014 3900 produxit
1044 3835 1089 3898 (cf.
1114 3832 1392 3882 Pseudoeratosthenes

99 3932 222 3975 cataster.
243 3939 265 3973 c.
286 3927 356 3987 24.),
376 3938 442 3986 quae
461 3924 574 3972 secunda
592 3930 646 3971 erat
663 3921 750 3970 fabula
767 3922 912 3986 Lycurgiae
930 3920 1094 3982 temalogiae,
1117 3919 1150 3968 cf.
1169 3920 1261 3969 Accola.
1280 3924 1349 3983 trop.
1369 3924 1395 3969 et

91 4014 198 4078 scopon.
218 4012 259 4060 cd.
275 4013 376 4059 Alorcos
394 4010 518 4072 (Parisiis
530 4007 618 4071 1864),
637 4008 662 4059 Ι.
676 4007 725 4058 177
737 4024 775 4072 sq.
790 4015 815 4056 et
832 4007 990 4069 Droysen,
1009 4006 1148 4071 Aeschylos
1164 4006 1247 4055 thera.
1267 4005 1305 4068 (8.
1319 4006 1391 4071 Aust.

100 4094 296 4158 Balaleisa)
312 4112 342 4160 p.
362 4095 412 4143 553
430 4110 468 4158 sq.

172 4179 303 4239 'Maron
323 4179 367 4241 qui
384 4179 484 4238 Ismari,
504 4179 531 4225 in
554 4177 616 4225 urbe
635 4175 771 4237 Ciconum,
794 4176 821 4224 in
839 4177 898 4224 luco
916 4174 1045 4238 Apollinis
1063 4175 1196 4235 habitavit,
1218 4177 1295 4241 Odys.
1316 4179 1339 4234 9,
1359 4180 1392 4223 4ο

101 4271 208 4318 et197.
245 4265 375 4314 Hesiodus
394 4279 452 4314 eum
470 4264 580 4326 Dionysi
604 4264 764 4311 sacerdotem
787 4262 886 4310 videtur
908 4260 1059 4321 reddidisse,
1079 4262 1166 4312 Schol.
1186 4262 1274 4310 Ambo.
1297 4261 1345 4310 Od.
1366 4264 1390 4318 9,

104 4352 426 4416 Qmmpm
1180 4345 1186 4356 ·
