2986 4800
751 192 791 256 '14

131 400 237 462 ultra
252 398 368 463 finem
386 395 536 460 saeculi
551 394 709 479 septimi
724 395 838 477 vagari
853 395 979 459 licebit.
1004 395 1156 476 Namque
1165 392 1328 456 nonnulla
1337 390 1412 454 illo-

132 541 203 581 rum
214 517 411 600 scriptorum
427 516 480 579 vel
490 516 531 579 ad
542 514 822 578 Pisistratidarum
833 516 887 578 vel
896 515 1028 578 Solonis
1036 522 1187 599 tempora
1201 533 1305 597 prope
1321 533 1413 574 acce-

101 678 104 689 ι
133 636 219 715 dere,
237 635 318 699 mihi
333 657 523 718 persuasum
540 636 617 698 est.¹
644 634 772 698 Quodsi
787 641 877 697 recte
893 641 1060 719 computo,
1077 640 1332 716 nosterquoque
1348 630 1413 693 illis

132 757 260 820 duobus
277 754 451 819 saeculis
468 760 608 818 octavo
625 760 664 816 et
679 753 846 836 septimo
862 753 956 831 vixit,
975 753 1093 836 quibus
1104 751 1236 830 Abaris,
1249 751 1411 828 Aristeas,

133 875 366 940 Onomacritus
390 873 581 951 Locrensis,
613 873 841 957 Epimenides,
872 875 1046 951 Musaeus,
1078 872 1276 956 Eumolpus*
1294 870 1413 954 aliique

132 995 253 1059 vixisse
276 993 450 1057 dicuntur.v
486 992 725 1077 Hujus'autem
744 992 845 1078 spatii
865 1014 976 1058 rursus
998 991 1214 1058 contrahendi
1235 997 1272 1054 et
1294 990 1411 1054 aetatis

134 1114 259 1198 Orphei
276 1113 374 1177 certis
390 1112 483 1176 annis
500 1112 815 1177 circumscribendae
830 1135 933 1198 paene
948 1114 1042 1177 nulla
1050 1111 1248 1194 relinquitur
1258 1133 1350 1175 ansa.
1376 1110 1413 1172 ln

134 1236 324 1319 conjectura
344 1233 447 1316 igitur
467 1233 576 1317 posita
592 1239 706 1311 sunto,
730 1254 813 1316 qnae
835 1233 933 1297 etiam
950 1233 1121 1296 additurus
1137 1255 1221 1294 sum.
1269 1228 1412 1293 Primum

135 1354 236 1431 subit,
259 1360 386 1416 ceteras
407 1352 604 1436 theogoniae
630 1374 704 1417 cum
724 1353 869 1438 Orphica
890 1353 1100 1417 contendere.
1139 1352 1185 1414 Et
1206 1350 1412 1434 Pherecydes

135 1474 282 1557 quidem,
303 1472 452 1536 Thaletis
473 1472 636 1554 aequalis,
660 1473 766 1536 multa
787 1473 868 1536 mihi
889 1472 1020 1536 videtur
1039 1473 1176 1550 habere,
1199 1492 1283 1554 quae
1303 1490 1411 1534 recen-

133 1593 228 1657 tioris
245 1592 380 1676 originis
401 1591 620 1676 suspicionem
640 1599 807 1656 moveant.
847 1595 1029 1676 Postquam
1042 1592 1131 1656 enim
1147 1614 1246 1675 supra
1261 1590 1410 1666 vidimus,

133 1714 168 1776 in
190 1719 300 1776 vetere
322 1711 467 1796 Orphica
488 1712 680 1796 'l’heogonia
701 1734 757 1776 eos
779 1713 874 1791 deos,
897 1711 954 1795 qui
973 1712 1008 1775 in
1029 1710 1227 1798 Rhapeopiis
1253 1712 1296 1774 ab
1322 1710 1411 1774 initio

133 1831 236 1917 positi
252 1840 378 1910 essent,
402 1832 570 1896 Chronum
586 1831 743 1896 videlicet
759 1839 793 1896 et
809 1833 918 1896 Chaos
935 1839 969 1898 et
984 1834 1166 1896 Aetherem
1182 1837 1218 1912 et
1231 1832 1411 1894 Phanetem

134 1953 232 2037 plane
256 1951 400 2015 defuisse
424 1958 460 2015 et
484 1973 594 2016 eorum
620 1952 693 2015 loco
717 1954 877 2030 Noctem,
903 1952 1040 2015 Coelum
1065 1952 1264 2034 'Perramque
1290 1958 1411 2015 ceteros

135 2073 214 2136 deos
230 2071 456 2156 progenuisse,
469 2077 579 2134 totum
596 2079 705 2151 autem
723 2072 894 2137 decursum
913 2070 1065 2136 carminis
1082 2073 1123 2136 ab
1137 2070 1277 2135 Hesiodi
1290 2070 1411 2134 Genea·

134 2192 315 2276 logiis'non
332 2192 476 2255 multum
496 2191 714 2275 discrepuisse
735 2199 769 2255 et
788 2192 877 2276 ipsos
898 2192 978 2256 deos
1000 2215 1066 2254 non
1087 2191 1170 2254 alios
1192 2191 1296 2254 fuisse
1318 2196 1411 2274 atque

100 2362 106 2384 .
134 2313 309 2396 populares
325 2319 360 2374 et
374 2311 554 2393 legitimos,
569 2349 610 2359 —
627 2311 744 2374 mirum
760 2319 858 2391 esset,
873 2312 901 2375 si
913 2310 1125 2395 Pherecydea
1137 2310 1229 2374 Jovis
1247 2319 1282 2374 et
1294 2307 1412 2373 Chroni

136 2439 171 2497 et
183 2433 300 2495 Terrae
316 2430 407 2508 trias,
423 2430 451 2493 si
460 2431 537 2514 ejus
552 2431 616 2495 tria
631 2432 806 2517 elementa,
822 2432 850 2495 si
862 2431 991 2516 Jupiter
1006 2431 1040 2494 in
1052 2433 1210 2496 Amorem
1225 2450 1409 2506 conversus,

137 2551 164 2614 Si
188 2551 331 2634 quinque
354 2559 437 2642 μυχοί
458 2557 492 2614 Ol
514 2556 665 2639 ὑπόπτερος
687 2564 750 2639 δρῦς
771 2560 866 2621 καὶτὸ
889 2558 933 2621 ἐπ’
952 2561 1022 2640 αὐτῇ
1045 2561 1245 2638 πεποικιλμένον
1267 2564 1367 2639 φᾶρος,
1388 2548 1412 2610 Sl

137 2671 277 2755 denique
302 2671 494 2754 Ophioneus
519 2678 596 2735 ante
622 2672 748 2754 Orphei
772 2671 938 2754 simplices
962 2671 1092 2735 fabulas
1121 2672 1265 2745 conficta
1295 2675 1409 2734 essent.

136 2791 265 2855 Deinde
281 2790 500 2855 Aristoteles*
524 2791 692 2855 veteribus
716 2791 823 2875 poetis
848 2813 937 2856 mere
960 2791 1244 2876 mythographicis
1269 2789 1411 2855 dissertis

137 2911 246 2976 verbis
262 2933 318 2975 eos
335 2911 482 2994 opponit,
498 2911 558 2993 qui·
568 2910 633 2974 iam
648 2911 892 2995 philosophiam
908 2910 975 2974 suis
991 2911 1116 2996 mythis
1132 2911 1369 2975 admiscuerint
1383 2915 1411 2973 et

137 3033 178 3096 ab
203 3031 328 3115 optimo
351 3031 483 3094 initium
507 3030 782 3114 genealogizandi
807 3030 964 3117 ceperint.
1011 3030 1098 3095 Hinc
1123 3033 1199 3109 hos,
1226 3030 1314 3095 inter
1338 3051 1410 3115 quos

137 3151 345 3234 Pherecydes
370 3159 438 3228 est,
464 3151 531 3215 illis
556 3153 591 3215 h.
621 3174 648 3214 e.
678 3152 838 3229 Homero,
867 3151 1031 3229 Hesiod0,
1061 3152 1194 3234 Orpheo
1219 3151 1410 3227 recentiores

138 3270 269 3333 videtur
290 3271 422 3334 habere.
461 3271 689 3354 Epimenidem
710 3278 821 3336 autem
842 3278 1017 3354 propterea
1039 3271 1163 3356 Orphei
1186 3278 1332 3335 aetatem
1354 3292 1410 3334 non

138 3411 277 3472 aequare
300 3396 397 3473 pute,
420 3391 495 3474 quia
517 3393 671 3475 Orpheus
693 3415 794 3455 unum
817 3397 966 3475 tantum,
991 3391 1202 3475 Epimenides
1227 3392 1293 3455 duo
1319 3391 1411 3454 habat

138 3508 316 3596 principia,
342 3508 376 3574 id
401 3510 487 3593 quod
512 3511 670 3575 novitatis
695 3510 851 3575 indicium
875 3518 938 3574 est.
985 3515 1160 3579 Praeterea
1184 3511 1285 3575 etiam
1312 3511 1410 3573 Ovum

138 3631 338 3695 mundanum
361 3637 394 3693 et
414 3639 501 3709 Alos,
523 3655 586 3715 quo
607 3629 835 3716 Epimenidem
857 3631 1010 3698 similiter
1030 3640 1137 3716 atque,
1150 3630 1315 3716 Orphicos
1335 3632 1410 3694 Pha·

138 3760 216 3815 nete
232 3775 327 3814 usum
344 3773 415 3815 esse
431 3751 545 3836 Lydus
561 3754 703 3831 narrat,⁸
726 3774 800 3814 cum
815 3752 1078 3835 Rhapsodiarum
1094 3752 1254 3817 doctrinis
1276 3751 1408 3835 quidem,

139 3893 199 3934 nec
216 3878 336 3935 ‘tamen
361 3874 476 3936 eodem
502 3866 571 3936 iure
600 3895 673 3935 cum
702 3871 822 3936 veteris
847 3872 1058 3955 Theogoniae
1084 3868 1409 3956 lineamentis‚*quae

140 4013 238 4074 supra
261 3992 542 4071 adumbravimus,
568 3992 708 4056 conferri
730 4000 880 4075 possunt.
926 3995 1099 4057 Postremo
1123 3993 1300 4063 Acusilaus
1323 3987 1408 4057 Cabi-

209 4195 219 4227 ¹
238 4197 278 4248 Of.
299 4186 456 4261 Ge‘rhard,
476 4203 495 4251 l.
515 4219 537 4250 ο.
553 4218 583 4265 p.
605 4205 636 4249 18
655 4208 681 4249 et
698 4202 732 4257 N.
753 4204 778 4269 8,
801 4205 897 4276 lloep.

208 4282 302 4335 ‘Mer
321 4285 399 4341 XIV,
417 4290 443 4344 4,
458 4303 487 4350 p.
510 4291 572 4335 1091
588 4288 601 4335 b
619 4292 685 4361 leq.

209 4367 279 4427 βοΐ.
297 4371 420 4440 Zoege,
439 4371 458 4427 l,
478 4388 499 4427 c,
515 4388 545 4446 p,
567 4375 623 4429 190.
686 4377 689 4380 ⁴
