2986 4800
787 183 828 244 36

394 389 490 444 πάντας
506 387 555 458 γὰρ
573 387 675 458 κρύψας
692 384 766 444 αὖθις
784 387 848 458 φάος
867 388 893 445 ές
910 385 1073 457 πολυγηλλέςι
1139 409 1142 414 >

395 489 422 550 ἐξ
441 490 512 561 ἱερῆς
527 488 636 561 κραδίης
654 489 807 559 ἀνενέγκατο
826 489 943 560 μέρμερα
962 489 1052 561 ῥέζων.

164 594 257 657 Quae
283 593 309 655 si
335 592 407 674 quis
433 591 540 655 obiter
564 591 825 674 perlustraverit,
852 591 1088 674 proculdubio
1114 590 1251 653 ultimos
1273 611 1393 653 versus·
1411 590 1445 654 de
1485 608 1487 643 ι

163 711 322 776 Phanetis
340 711 487 796 cataposi
504 711 612 773 dictos
629 731 700 773 esse
718 709 867 773 censebit
884 717 918 773 et
932 709 1074 775 fortasse
1091 710 1193 774 etiem
1208 731 1308 773 versu
1324 718 1444 792 quarto,
1485 692 1487 707 Ι

162 832 220 895 ubi
231 832 362 915 Jupiter
378 831 544 893 masculus
560 829 786 912 femineusque
802 829 912 894 factus
928 851 1000 894 esse
1017 829 1153 908 feratur,
1170 829 1264 894 illam
1275 828 1445 912 significari

145 989 149 997 ·
163 951 396 1034 suspicabitur.
429 950 475 1012 Et
490 957 580 1013 reete
597 949 740 1032 quidem,
765 950 792 1012 si
809 973 849 1013 ex
865 949 1064 1034 Rhapsodiis
1080 949 1295 1013 iudicandum
1313 956 1375 1027 est,
1397 947 1444 1033 ubl

163 1069 230 1132 illis
260 1069 410 1134 versibus
435 1071 550 1132 Jovem
577 1069 783 1132 conditorem
807 1069 921 1133 mundi
950 1077 1027 1152 post
1050 1071 1235 1134 Phanetem
1261 1069 1444 1152 desorptum

163 1189 312 1252 restituti
322 1189 547 1273 praedicatum
558 1209 629 1251 esse
641 1209 716 1250 cum
727 1188 859 1251 Proculi
869 1189 963 1253 locia
976 1187 1176 1253 Lobeclrio
1190 1189 1272 1271 Agl.
1284 1211 1320 1271 p.
1333 1191 1393 1252 519
1403 1209 1442 1270 sq.

164 1309 312 1387 collecti,
336 1315 409 1372 tum
428 1308 621 1392 Prophyrii⁹
646 1315 680 1372 et
696 1307 833 1371 Stobaei
855 1308 961 1370 multo
984 1307 1160 1391 ampliores
1182 1307 1364 1371 eorundem
1384 1328 1442 1370 ver·

137 1493 139 1497 Α
163 1451 257 1491 snum
273 1428 481 1492 recensiones
498 1428 630 1491 docent.
669 1428 736 1490 Sed
752 1427 831 1509 quid
846 1427 962 1510 porro?
991 1426 1082 1489 Num
1097 1426 1144 1489 ita
1168 1425 1442 1491 concludenduml

162 1548 203 1610 In
220 1547 417 1630 Rhapsodiis
434 1547 540 1624 multi,
565 1547 599 1609 in
614 1547 699 1611 libro
723 1547 762 1610 de
780 1546 906 1610 Mundo
929 1546 1081 1610 nonnulli
1096 1568 1210 1610 versus
1227 1545 1441 1622 inveniuntur,
1485 1556 1487 1561 '

163 1667 282 1751 quibus
307 1667 348 1730 de
369 1667 528 1730 Phanetis
555 1666 702 1750 cataposi
727 1665 848 1749 agitur.
899 1666 1000 1749 Atqui
1025 1666 1123 1729 unius
1146 1687 1185 1728 ex
1209 1665 1278 1728 illis
1305 1665 1442 1729 versibus

163 1808 182 1849 a
206 1787 347 1849 Platone
376 1785 500 1849 mentio
526 1785 576 1848 fit.
623 1786 712 1869 Ergo
738 1785 835 1848 Plato
865 1785 1000 1872 aliique,
1030 1807 1167 1868 quorum
1192 1784 1330 1849 nomina
1358 1805 1442 1868 supra

165 1913 421 1969 commemorata
452 1911 544 1983 sunt,
576 1904 802 1988 Theogoniam
831 1905 1009 1988 Orphicum
1041 1911 1217 1983 nouerant,
1252 1903 1289 1967 in
1321 1926 1384 1987 qua
1411 1903 1442 1965 de

163 2027 312 2089 Phanete
335 2047 442 2087 sermo
460 2031 559 2088 esset.
598 2027 646 2087 At
661 2045 787 2102 vereor,
810 2046 851 2087 ne
868 2024 921 2087 hic
944 2023 1159 2108 syllogismus
1176 2024 1251 2107 plus
1274 2046 1342 2089 una
1361 2031 1442 2108 parte

163 2145 310 2209 vacillet.
346 2145 492 2208 Primum
509 2144 537 2206 si
552 2146 616 2206 hoo
635 2143 744 2228 ipsum
761 2144 972 2221 concedatur,
995 2151 1126 2207 tantam
1140 2165 1299 2207 versuum
1320 2143 1441 2218 molem,

164 2272 287 2347 quanta
309 2271 420 2327 exstet
441 2263 475 2326 in
491 2262 701 2347 Rhapsodiis,
725 2263 820 2326 unius
841 2262 996 2326 versiculi
1017 2261 1208 2331 testimonio
1231 2270 1391 2346 tanquam
1410 2276 1457 2324 er·

162 2384 218 2446 filo
237 2383 414 2446 admodum
436 2382 529 2445 tenui
546 2403 739 2464 suspensam
754 2381 857 2446 levari
879 2381 1108 2465 integramque
1125 2382 1167 2446 ad
1185 2405 1354 2446 summum
1370 2379 1443 2445 anti-

164 2501 302 2585 quitatis
327 2500 499 2584 fastigium
528 2501 604 2563 tolli
628 2523 740 2583 posse,
772 2508 884 2566 tamen
908 2501 984 2566 inde
1013 2524 1080 2566 non
1103 2501 1224 2584 liquet,
1257 2523 1316 2567 eos
1341 2522 1443 2566 versus

163 2620 313 2684 Platonis
335 2627 445 2683 aetate
467 2621 500 2685 in
523 2620 765 2703 Theogonia,
787 2641 848 2684 nec
870 2621 904 2683 in
926 2620 999 2684 aliis
1016 2620 1170 2704 Orphiois
1193 2621 1329 2704 scriptis
1351 2617 1444 2685 veluti

163 2741 197 2803 in
217 2740 357 2823 Hymnis
380 2740 432 2804 vel
455 2739 660 2803 Onomacriti
683 2749 811 2814 Τελεταῖς
830 2739 978 2803 infuisse.
1015 2741 1070 2803 An
1092 2740 1165 2822 quis
1188 2740 1320 2820 credat,
1345 2742 1443 2822 Rhap-

164 2859 331 2923 sodiarum
347 2867 516 2923 aristonem
532 2859 642 2922 nescio
660 2882 723 2941 qua
745 2858 905 2942 religione
922 2859 1122 2922 obstrictum
1136 2859 1269 2923 nonnisi
1286 2882 1328 2924 cx
1343 2866 1443 2923 vetere

164 2979 355 3063 Theogonia
385 2978 435 3041 sui
460 2977 612 3043 carminis
643 2977 806 3042 lenocinia
832 2979 1087 3061 conquisivisse?
1130 2979 1203 3042 Nec
1228 2978 1368 3058 desunt,
1399 2975 1445 3061 qui
1484 3006 1487 3075 ρ

136 3163 138 3167 ,
164 3098 256 3162 'llam
273 3099 484 3182 doxologiam
500 3098 599 3161 alicui
614 3101 738 3182 hymno
754 3097 787 3160 in
805 3100 921 3161 Jovem
944 3121 1041 3181 quem
1057 3098 1270 3182 Theogoniae
1286 3099 1443 3162 vindicare
1485 3092 1487 3103 '

163 3219 370 3282 maluerint.³
395 3219 539 3282 Giselre
555 3218 697 3282 Taetzae
714 3218 913 3281 auctoritate
930 3227 1099 3301 permotus
1118 3240 1250 3282 versum
1267 3218 1409 3303 primum
1418 3221 1443 3280 et
1484 3286 1487 3309 Ι

141 3338 344 3407 ‚secundum
363 3338 627 3421 Lycomedarum
652 3337 783 3420 hymnis
800 3336 974 3421 Orphicis⁴
999 3337 1141 3401 inserere
1163 3345 1305 3402 conatur
1330 3337 1443 3420 etipse

233 3492 283 3542 1Ιί
301 3509 389 3544 versus
408 3495 439 3543 ab
458 3494 575 3543 Eusebio
594 3495 630 3542 itu
648 3495 794 3542 traduntur:
1442 3494 1446 3501 '
1483 3460 1487 3549 l

430 3578 513 3631 πάντα
532 3574 552 3629 δ’
572 3578 723 3649 ἀποκρύψας
741 3575 814 3634 αὖθις
831 3575 896 3647 φάος
915 3577 941 3632 ἐς
958 3573 1104 3647 πολυγηθές

430 3664 525 3734 μέλλεν
545 3664 594 3716 ἀπὸ
612 3661 721 3736 κραδίης
738 3663 871 3734 προφέρειν
888 3658 1068 3714 πολυθέοκελοι
1088 3661 1168 3733 ῥέζων

164 3769 179 3802 a
197 3753 306 3802 Proculo
326 3761 351 3802 et
370 3751 495 3802 Stobaeo:

430 3837 514 3889 πάντα
532 3835 595 3887 τάδε
613 3833 714 3905 κρύψας
733 3830 803 3890 αὖτις
821 3833 885 3904 φάος
903 3833 929 3888 ές
947 3829 1094 3902 πολυγηθές

429 3922 524 3991 μέλλεν
544 3921 593 3973 ἀπὸ
611 3918 720 3993 κραδίης
737 3921 871 3992 προφέρειν
888 3919 950 3972 πάλι
968 3917 1082 3972 θέσκελα
1101 3919 1191 3992 ρέζοιν.

165 4009 287 4073 Appuleji
306 4018 331 4058 ct
349 4009 489 4060 Clementis
507 4010 550 4059 Al.
569 4010 707 4058 relationes
726 4024 783 4057 cum
801 4008 949 4057 Aristotelis
969 4016 1041 4057 textu
1059 4008 1207 4057 concinunt.

234 4090 339 4156 2Apud
362 4097 511 4154 Eusebium,
536 4097 632 4160 Pruep.
657 4096 759 4158 Euuny.
779 4094 869 4151 III‚9
895 4094 945 4157 (ed.
972 4094 1126 4152 Heinichen,
1152 4094 1181 4144 T.
1201 4095 1226 4152 Ι,
1248 4096 1325 4160 110);
1351 4094 1446 4146 Stchccr'

165 4181 227 4230 Ecl.
247 4182 323 4246 Phys.
344 4183 383 4230 ed.
407 4183 493 4246 Gaias.
514 4183 537 4240 I,
556 4185 571 4228 2
586 4198 616 4245 ρ.
639 4185 678 4228 16.

234 4262 244 4292 ⁸
261 4266 294 4315 L.
310 4283 332 4316 c.
342 4282 372 4330 p.
388 4270 428 4314 84.
455 4265 573 4325 Quocum
586 4266 730 4315 consentire
742 4265 841 4313 videtur
854 4262 1012 4325 Gerhard,
1032 4265 1113 4314 Ueher
1128 4265 1252 4328 Orpheus,
1261 4281 1292 4329 p.
1305 4268 1337 4315 73
1348 4266 1382 4315 N.
1396 4267 1446 4312 lla.
1485 4334 1487 4347 Ι

233 4349 376 4402 ‘Panaca
396 4351 447 4408 IX,
466 4355 508 4410 30,
529 4356 556 4410 53
576 4351 608 4400 of.
629 4353 780 4409 Menander,
799 4352 840 4400 De
858 4351 964 4400 Earum.
984 4351 1025 4410 ΙΙ,
1044 4355 1085 4398 30.
1485 4350 1487 4369 ²

1484 4480 1487 4539 l
