2986 4800
629 201 800 295 *m-

69 399 241 482 Orpheum
258 399 374 461 laudat
390 406 425 463 et
439 400 606 485 τιιερίοθι.ι
639 400 714 464 Qua
730 401 770 464 de
787 423 885 464 eausa
901 402 999 464 miror
1015 402 1283 482 Lobeekium‚
1301 405 1356 488 qui

65 517 209 581 libidine
232 518 331 581 modo
352 520 552 604 Rhapsodiis
575 520 672 583 modo
694 521 861 584 Hellanioi
883 521 1047 604 Orphieae
1069 523 1269 605 theogoniae
1291 525 1356 587 sin·

65 639 166 721 gulos
183 639 420 720 Athenagorae
436 639 529 701 locos
544 640 703 703 tribuat.²
734 641 897 722 Equidem
918 663 984 703 non
1000 640 1064 703 nisi
1082 641 1237 719 alt-eram,
1259 665 1355 725 quam

64 756 266 821 Damasuius
280 761 334 844 τὴν
347 766 417 826 κατὰ
427 765 530 827 ‘Eitea
547 791 601 828 ινων
615 767 829 846 καὶἹερώωμω
845 766 959 837 vocat,
982 760 1012 822 ei
1027 769 1141 824 notam
1163 760 1264 824 fuisse
1281 783 1355 825 oen-

65 899 135 940 seo.
169 876 212 938 Id
227 876 317 958 quod
332 899 419 941 nuno
435 879 573 961 probare
591 880 745 959 conabor.

98 998 102 1003 ’
153 995 351 1058 Damaseius
373 996 540 1060 Hellanioi
565 1006 599 1060 et
621 997 814 1080 Hieronymi
836 998 1063 1080 Theogoniam
1088 998 1135 1061 ita
1159 999 1354 1063 describitt⁸

64 1119 188 1199 Τοιαύτη
212 1125 260 1201 μὲν
277 1125 295 1200 ἡ
312 1122 557 1204 συνηθηςὈρφικὴ
575 1126 707 1203 θεογονία.
741 1122 775 1184 Ἡ
791 1127 822 1184 δὲ
836 1126 906 1184 κατὰ
921 1126 966 1184 τόν
984 1123 1142 1205 Ἱερώνυμον
1156 1128 1290 1205 φερομένη
1312 1129 1356 1187 καὶ

67 1241 171 1302 Ἑλλάν
186 1266 250 1315 ικον,
266 1240 341 1320 εἴπερ
357 1239 397 1321 μὴ
414 1243 459 1302 καὶ
473 1245 488 1307 ό
503 1244 583 1311 αιἰτός
597 1237 692 1317 ἐστιν,4
708 1244 794 1310 οότως
809 1242 874 1324 ἔχει.
892 1241 990 1321 Ὕδωρ
1005 1244 1047 1322 ἦν,
1063 1244 1151 1322 φησὶν,
1170 1244 1197 1312 ἐξ
1212 1247 1298 1328 ἀρχῆς
1312 1247 1357 1306 καὶ

64 1361 118 1438 όλη
135 1355 229 1435 (ἰλύς),’
239 1360 266 1429 ἐξ
280 1361 313 1439 ἧς
327 1363 413 1440 ἐπάγη
430 1366 447 1441 ἡ
463 1370 511 1442 γῆ,
526 1361 574 1423 δύο
589 1360 689 1428 ταύτας
704 1359 791 1444 ἀρχάς
806 1362 995 1440 ὑποτιθέμενος
1008 1368 1128 1440 πριῖντον,
1144 1364 1218 1441 ὕδωρ
1233 1365 1277 1423 καὶ
1291 1372 1354 1444 γῆν·

64 1475 121 1557 τὴν
136 1481 168 1538 δὲ
182 1479 242 1557 μίαν
255 1481 307 1558 πρὸ
321 1487 375 1540 τῶν
390 1485 461 1541 δυοῖν
476 1481 592 1561 ἄρρητον
606 1483 711 1560 ἀφίησι·
731 1478 783 1560 τὴν
798 1483 828 1541 δὲ
842 1481 931 1559 τρίτην
946 1482 1032 1562 ἀρχὴν
1047 1482 1117 1559 μετὰ
1131 1479 1182 1548 τὰς
1199 1479 1249 1542 δύο
1266 1506 1354 1560 γεννη-

67 1599 150 1676 θῆναι
165 1599 213 1674 μὲν
225 1598 255 1658 ἐκ
267 1595 387 1674 τούτων,
408 1601 505 1667 ὕδατος
519 1602 589 1680 φημὶ
602 1602 646 1661 καὶ
660 1607 723 1679 γῆς,
746 1603 878 1679 δράκοντα
894 1601 924 1659 δὲ
939 1597 1002 1659 εἶναι
1020 1601 1141 1678 κεφαλὰς
1161 1600 1258 1682 ἔχοντα
1278 1626 1354 1680 προς.

63 1717 215 1794 πεφυκυίας
228 1715 330 1796 ταύρου
346 1721 391 1780 καὶ
405 1722 517 1791 λέοντος,
533 1723 560 1780 ἐν
574 1723 650 1800 μέσῳ
667 1722 697 1780 δὲ
711 1721 779 1780 θεοῦ
794 1721 942 1798 πρόςωπον,
958 1718 1029 1800 ἔχειν
1044 1721 1074 1778 δὲ
1088 1720 1133 1779 καὶ
1148 1720 1257 1780 ἐπὶτῶν
1272 1721 1355 1799 ὤμων
1446 1720 1452 1732 ’

62 1837 167 1914 πτερὰ,
188 1838 346 1914 ὠνομάσθαι
361 1841 392 1899 δὲ
406 1841 500 1921 χρόνον
515 1841 632 1918 ἀγήραον
647 1840 692 1901 καὶ
710 1838 852 1917 Ἡρακλῆα
867 1839 912 1898 τὸν
927 1838 1020 1897 αὐτόν·
1042 1843 1153 1898 συνεῖναι
1168 1841 1198 1899 δὲ
1213 1838 1289 1918 αύτῷ
1306 1842 1354 1918 τὴν

66 1955 211 2034 Ἀνάγκην,
232 1955 308 2034 φύσιν
322 1955 404 2019 υόσαν
417 1960 465 2037 τὴν
480 1958 563 2037 αὐτὴν
580 1960 625 2018 καὶ
638 1956 815 2036 Ἀδράστειαν
835 1958 979 2035 ἀσώματον
999 1959 1211 2036 διωργυιωμένην
1232 1960 1259 2039 ἐμ
1279 1960 1355 2019 παντὶ
1375 2035 1379 2042 ἡ

62 2080 104 2152 τῷ
125 2075 240 2154 κόσμῳ,
260 2066 313 2136 τῶν
333 2079 456 2156 περάτων
477 2077 560 2138 αότοῦ
585 2079 779 2155 ἐφαπτομένην.
818 2074 925 2154 Ταύτην
949 2075 1022 2154 οἶμαι
1046 2076 1171 2152 λέγεσθαι
1194 2079 1243 2154 τὴν
1265 2079 1354 2155 τρίτην

62 2195 161 2275 ἀρχὴν,
177 2195 247 2272 πλὴν
262 2194 302 2255 ότι
317 2197 498 2275 ἀρσενόθηλυν
513 2192 599 2275 αὐτὴν
614 2196 793 2273 ὑπεστήσατο.
820 2185 880 2248 His
897 2185 965 2249 iure
982 2184 1233 2249 Lobeekium
1250 2187 1353 2250 cuivis

63 2311 325 2368 consentaneum
351 2315 402 2369 est
426 2309 626 2392 conjungere
646 2308 882 2390 Athenagorae
906 2306 1042 2369 verbat⁶
1067 2311 1124 2374 Οὐκ
1147 2313 1173 2381 ἐξ
1196 2316 1295 2396 ἀρχῆς,
1317 2317 1355 2381 ὥς

61 2455 150 2509 φασιν,
166 2432 236 2511 ἦσαν
251 2434 276 2492 οἱ
289 2434 359 2507 θεοί,
375 2432 436 2494 ἀλλ’
453 2436 539 2502 οὕτως
553 2438 657 2514 γέγονεν
672 2435 760 2495 αὐτῶν
775 2435 888 2500 ἕκαστος
903 2437 940 2498 ὡς
954 2433 1083 2510 γινόμεθα
1097 2437 1183 2512 ἡμεῖς.
1204 2433 1260 2494 Καὶ
1272 2437 1352 2493 τοῦτο

60 2556 140 2611 πᾶσιν
155 2550 245 2618 αὐτοῖς
260 2551 408 2631 Ευμφωνεῖ·
428 2551 550 2632 Ὁμήρου
566 2553 678 2632 μὲνγὰρ
694 2553 829 2630 λέγοντος·

364 2662 486 2717 Ὠκεανόν
503 2684 533 2717 τε
551 2663 620 2717 θεῶν
638 2665 732 2734 γένεσιν
750 2663 794 2715 καὶ
814 2664 915 2735 μητέρα
934 2660 1032 2733 Τηθύν,

61 2767 187 2850 Ὀρφέως
202 2775 233 2832 δὲ
306 2775 351 2834 καὶ
365 2775 450 2836 αὐτοῦ
464 2775 513 2852 τὴν
526 2777 634 2852 πρώτην
648 2776 747 2851 γένεσιν
762 2773 849 2833 αὐτῶν
864 2772 891 2840 ἐξ
906 2773 1003 2839 όδατος
1018 2774 1196 2839 συνιστάντος·

302 2941 304 2944 ⁴
362 2883 492 2946 Ὠκεανός,
513 2886 590 2957 όσπερ
609 2887 704 2955 γένεσις
722 2885 840 2936 πάντεσσι
858 2882 1004 2936 τέτυκται.6

53 2989 111 3052 Ἧν
125 2994 177 3071 γὰρ
193 2994 267 3073 ὕδωρ
283 2997 354 3078 ἀρχὴ
376 2994 435 3056 κατ’
455 2996 536 3056 αὐτόν
553 3000 608 3061 τοῖς
628 2996 712 3067 ὅλοις,
733 2996 786 3055 ἀπὸ
808 2996 838 3053 δὲ
857 2999 905 3054 τού
927 2994 1024 3059 όδατος
1044 2993 1098 3060 ἰλὺς
1118 2993 1251 3070 κατέστη,
1272 2994 1303 3052 ἐκ
1323 2995 1353 3053 δὲ

61 3113 198 3190 ἑκατέρων
220 3114 346 3193 ἐγεννήθη
370 3120 437 3183 ζῶον
458 3115 565 3194 δράκων
584 3117 797 3192 προςιτεφυκυῖαν
818 3113 890 3195 ἔχων
910 3114 1030 3193 κεφαλὴν
1050 3113 1154 3178 λέοντος
1184 3105 1243 3188 [καὶ
1269 3114 1353 3190 ἀλλην

59 3223 177 3310 ταύρου]
187 3223 210 3305 ⁷,
225 3233 269 3293 διὰ
283 3234 367 3311 μέσου
383 3235 413 3292 δὲ
428 3233 517 3294 αὐτῶν
531 3234 598 3293 θεοῦ
613 3233 761 3312 πρόςωπον,
777 3228 864 3311 ὄνομα
882 3230 1020 3311 Ἡρακλῆς
1034 3231 1080 3291 καὶ
1094 3227 1209 3309 Χρόνος.
1239 3230 1322 3296 Οὗτος
1337 3232 1352 3290 ὁ

56 3349 202 3428 Ἡρακλῆς
224 3352 359 3430 ἐγέννησεν
380 3352 564 3430 ὑπερμέγεθες
579 3345 651 3426 ὠόν,Ι
669 3350 937 3430 όσυμπληρούμενον
955 3351 1005 3411 ὑπὸ
1028 3350 1086 3430 βίας
1104 3353 1153 3411 τού
1168 3351 1355 3428 γεγεννηκότος

132 3578 916 3648 Ῑωπημωωμψωμωηηωω

31 3675 33 3680 “
131 3664 204 3716 ²Cf.
223 3670 286 3733 Apa.
302 3686 332 3733 p.
351 3673 411 3729 487,
431 3674 490 3729 493,
512 3674 559 3717 504
590 3674 648 3717 548.

133 3749 364 3819 θαπμωμ

131 3833 143 3866 ⁴
163 3836 205 3887 Cf.
225 3853 291 3902 quae
308 3840 337 3888 in
353 3840 486 3904 Epimetro
505 3840 536 3888 de
555 3853 632 3887 aenou
649 3837 741 3887 horum
759 3837 894 3886 verborum
913 3838 1028 3886 dicturus
1048 3851 1113 3884 aum.

131 3922 143 3953 ⁵
164 3926 191 3976 0.
215 3930 245 3974 18
259 3944 290 3991 ρ.
310 3931 356 3989 84;
376 3927 409 3977 ef.
428 3928 490 3991 Aql.
507 3944 537 3992 ρ.
557 3929 617 3974 487.

131 4007 144 4040 ⁶
162 4012 200 4060 Π.
222 4017 262 4072 14,
276 4017 335 4060 246.
372 4011 438 4062 Cum
456 4013 508 4060 iam
525 4019 637 4060 veterem
655 4008 787 4074 Orpheum
805 4010 944 4059 Homerum
963 4007 1090 4069 spoliasse
1109 4020 1186 4069 supra
1203 4005 1351 4065 viderimus,

58 4111 114 4145 non
134 4098 261 4159 estquod
279 4098 409 4159 miremur,
428 4097 619 4156 mostellariam,
645 4110 712 4158 quae
731 4110 799 4144 saec.
818 4095 844 4143 11
861 4109 886 4157 p.
908 4091 956 4142 Ch.
976 4107 1001 4140 n.
1022 4089 1120 4154 Orphei
1138 4090 1244 4139 nomine
1262 4089 1352 4138 induto

56 4179 258 4230 Platonicorum
276 4189 372 4231 sectam
389 4182 541 4242 ludificetur,
560 4196 612 4231 non
630 4182 712 4244 magis
730 4181 900 4230 abstinentem
918 4178 1008 4227 fuisse.

133 4262 143 4293 ⁷
162 4265 235 4314 Haeo
253 4266 331 4315 verba
347 4268 451 4331 Zoega
470 4268 500 4331 (l.
521 4285 543 4316 o.
559 4284 589 4331 p.
609 4265 671 4329 2³9)
696 4280 729 4314 ex
747 4264 886 4315 Damaaoio
904 4263 974 4311 addit
991 4263 1162 4326 applaudente
1180 4258 1351 4309 Lobeokio

57 4351 263 4415 staffim
