2986 4800
723 197 763 261 70

101 403 298 486 Proserpina
314 403 438 466 animas
454 407 660 465 mortuorum
676 400 816 483 agitat,¹
833 401 976 465 Tiresiae
993 410 1123 465 mortuo
1139 410 1288 467 mentem
1296 425 1389 488 prae-

101 523 190 602 bet,²
207 521 355 585 homines
371 521 464 586 vivos
479 521 521 586 ab
532 522 621 584 Orco
636 521 759 583 arcet.⁸
783 521 903 603 Itaque
918 520 987 584 iure
1005 521 1036 584 ei
1050 528 1168 605 postea
1183 529 1219 586 et
1230 522 1388 606 puniendi

102 650 136 706 et
151 640 304 726 praemiis
325 640 493 705 afficiendi
512 647 662 724 potestas
678 638 814 704 concedi
834 639 956 723 potuit.
1003 640 1068 704 Sed
1089 664 1163 705 cum
1176 643 1302 706 ⁴eadem
1324 666 1386 707 non

101 761 209 826 minus
225 760 317 825 Jovis
335 767 369 824 et
380 759 509 824 Cereris
525 759 604 837 filia,
622 760 795 822 aPlutone
810 766 905 843 rapta
922 766 956 822 et
970 783 1082 824 rursus
1098 760 1140 825 ad
1155 763 1265 826 lucem
1281 762 1316 826 in
1332 762 1385 825 ali·

102 881 190 964 quod
210 886 344 964 tempus
364 902 496 944 reversa
515 880 713 963 putabatur,
736 877 860 962 optime
882 881 964 942 haec
985 880 1076 943 bella
1096 880 1211 945 fabula
1230 881 1266 945 in
1288 905 1383 965 quan-

102 1001 176 1065 dam
202 999 396 1083 allegoriam
419 999 657 1082 distorquenda
677 997 868 1076 videbatur,
895 998 990 1081 quasi
1013 999 1100 1063 Cora
1123 1000 1226 1084 ipsius
1251 1008 1382 1065 naturae

91 1111 201 1184 modo
225 1119 372 1183 florentis
397 1119 494 1182 modo
520 1117 684 1183 horrentis
712 1124 747 1180 et
772 1116 953 1180 animarum
977 1141 1035 1202 per
1059 1119 1162 1184 vitam
1187 1127 1223 1183 et
1248 1129 1381 1184 mortem

101 1238 338 1305 alternantium
359 1238 475 1322 imago
491 1245 590 1302 esset.
636 1237 691 1301 Ita
712 1235 872 1301 accidisse
889 1237 1058 1318 existimo,
1080 1246 1119 1302 ut
1138 1240 1227 1323 apud
1243 1241 1382 1305 Graecos

101 1358 315 1442 Proserpinae
330 1359 445 1422 fabula
460 1381 535 1423 cum
551 1356 645 1420 novis
660 1358 715 1420 vel
729 1357 1002 1440 philosophorum
1018 1359 1071 1422 vel
1081 1359 1381 1443 philosophantium

101 1480 374 1564 mythologorum
384 1477 543 1542 doctrinis
560 1477 600 1540 de
617 1483 708 1541 statu
725 1477 905 1540 animarum
922 1484 1152 1561 postmortem
1167 1479 1382 1563 futuroquam

102 1598 285 1665 arctissime
302 1620 452 1663 connexa
466 1597 521 1660 sit.
567 1596 608 1661 Id
625 1597 713 1680 quod
731 1596 812 1660 mihi
828 1619 895 1660 non
916 1618 957 1659 ex
978 1620 1043 1660 una
1059 1605 1191 1661 tantum
1207 1620 1309 1662 causa
1324 1621 1382 1663 me·

80 1726 232 1783 moratu
248 1718 386 1801 dignum
401 1717 543 1781 videtur.
590 1715 723 1780 Etenim
736 1716 831 1779 illam
847 1716 994 1780 fabulam
1011 1740 1077 1780 non
1092 1719 1201 1781 solum
1216 1717 1340 1783 litteris
1354 1725 1383 1782 et

102 1839 203 1903 fando
219 1837 402 1919 antiquitus
411 1835 569 1900 traditam
580 1842 673 1919 puto,
690 1837 749 1899 sed
766 1835 867 1899 etiam
883 1836 984 1900 sacris
994 1836 1191 1919 quibusdam
1208 1844 1244 1901 et
1259 1838 1381 1915 ritibus,

103 1957 221 2042 quibus
244 1957 306 2021 dea
327 1957 454 2040 atejus
476 1961 582 2021 mater
603 1954 655 2038 pie
677 1956 873 2019 colebantur
897 1963 932 2019 et
952 1956 1093 2019 fortasse
1116 1978 1228 2020 earum
1250 1957 1322 2021 fata
1339 1979 1383 2021 re·

101 2078 398 2164 praesentabantur
418 2076 542 2160 absque
564 2076 634 2139 ulla
656 2074 783 2139 altioris
806 2075 986 2158 sapientiae
1007 2076 1219 2140 affectatione
1239 2085 1276 2140 et
1291 2078 1382 2140 simu·

100 2196 236 2262 latione.
267 2197 347 2261 Cum
366 2202 478 2260 autem
494 2203 572 2279 post
587 2195 770 2259 Hesiodum
785 2195 845 2258 illa
859 2195 1011 2259 doctrina
1026 2197 1067 2259 de
1083 2196 1258 2260 beatorum
1274 2196 1382 2260 insulis

102 2340 141 2382 eo
158 2318 300 2381 deducta
317 2322 417 2393 esset,-
433 2322 553 2379 utnon
569 2314 634 2378 iam
648 2317 766 2378 heroes
782 2320 926 2394 tantum,
944 2315 1001 2378 sed
1017 2293 1131 2379 omnes
1147 2316 1228 2379 iusti
1246 2315 1381 2380 beatitu-

102 2437 212 2501 dinem
228 2434 365 2520 adipisci
380 2457 476 2519 posse
493 2434 697 2514 dicerentur,
719 2434 799 2498 iusti
817 2440 928 2498 autem
943 2434 967 2497 ii
982 2436 1193 2514 haberentur,
1218 2436 1276 2519 qui
1291 2436 1381 2499 certis

102 2554 270 2630 sacrificiis
291 2561 326 2619 et
347 2553 592 2639 precationibus
614 2555 694 2620 deos
716 2556 965 2633 observarent,⁴
986 2555 1083 2618 facile
1106 2555 1190 2620 fieri.
1198 2555 1326 2639 potuit,
1349 2561 1381 2617 ut

103 2675 252 2740 homines
263 2697 335 2739 eam
347 2676 451 2752 deam,
470 2674 523 2738 cui
539 2674 711 2738 arbitrium
728 2674 916 2737 demortuis
927 2674 1148 2752 deferebatur,
1166 2675 1229 2738 sibi
1246 2676 1379 2739 elemen-

103 2803 172 2859 tem
187 2796 323 2859 reddere
340 2797 530 2878 ouperent.⁵
573 2795 693 2857 Nonne
710 2800 820 2857 autem
837 2792 888 2873 iis,
906 2794 962 2878 qui
976 2818 1078 2859 novas
1095 2794 1267 2878 opiniones
1282 2791 1380 2857 moliti

104 2923 208 2994 erant,
227 2915 327 2979 etiam
342 2936 420 3000 prae
437 2914 555 2978 ceteris
572 2914 714 2976 facultas
731 2913 956 2996 Proserpinae,
975 2937 1071 2997 quam
1086 2914 1289 2979 carminibus
1306 2914 1378 2978 cele·

104 3037 254 3114 brarent,
279 3035 346 3098 suis
368 3034 487 3099 ritibus
508 3034 689 3118 placandae
710 3032 886 3097 tribuenda
905 3033 990 3097 fuit?
1034 3036 1153 3118 Itaque
1175 3039 1292 3117 poetas
1308 3033 1377 3097 tels·

105 3157 208 3234 stae,⁶
226 3154 370 3219 carmina
384 3154 468 3218 ritus
480 3154 612 3238 quidam
629 3153 740 3218 arcani
756 3153 863 3218 secuti
873 3160 961 3232 sunt,
979 3176 1084 3237 neque
1100 3153 1180 3217 iusti
1190 3154 1344 3218 dehinc-i.
1355 3172 1376 3213 e.

105 3281 221 3358 sancta
243 3281 277 3337 et
297 3275 428 3357 integra
448 3273 519 3337 vita
539 3273 705 3352 defuncti,
727 3275 785 3337 sed
806 3274 869 3337 soli
889 3273 1012 3338 initiati
1033 3275 1131 3337 beata
1152 3281 1230 3356 post
1251 3280 1376 3336 mortem

105 3401 194 3459 sorte
211 3393 304 3476 digni
318 3395 538 3458 habebantur.
584 3393 671 3458 Hinc
687 3400 765 3458 nata
781 3401 862 3478 puto
878 3393 937 3457 illa
952 3393 1080 3477 priuata
1095 3393 1256 3478 mysteria
1271 3402 1305 3458 et
1318 3403 1377 3462 τελε-

104 3525 166 3599 τάς,
187 3537 326 3598 quorum
346 3512 628 3581 administratores
650 3513 792 3577 fortasse
814 3515 855 3577 ab
871 3513 1068 3578 Eleusiniis'
1089 3513 1243 3577 Cererem
1262 3520 1298 3577 et
1312 3514 1376 3575 Pro·

174 3687 184 3718 ¹
205 3691 281 3756 caps.
304 3694 344 3749 11,
360 3693 423 3738 asc.

173 3772 246 3826 ‘Ia
265 3793 290 3826 o.
310 3780 369 3822 494.

175 3856 246 3911 ³1a.
266 3879 290 3910 v.
311 3866 369 3910 aas.

175 3942 282 3997 4Ρὶαιὲο
300 3949 364 4012 Rep.
384 3949 408 4006 I,
428 3953 477 3996 330
495 3949 522 3997 D
540 3963 578 4011 sq.
616 3943 657 3993 Cf.
677 3945 908 4008 Naegelsbach,
931 3948 1090 3995 nocddomer.
1119 3947 1205 4000 Μαι.
1222 3965 1252 4011 p.
1275 3949 1320 3993 1⁹3
1336 3957 1378 4006 eqo·

1 4048 3 4051 ’
109 4029 299 4092 Schbmann,
322 4034 483 4082 Mardache
500 4034 676 4083 Altsrtbtimer
695 4031 731 4095 (ἓ.
751 4033 822 4098 Acyl.
841 4032 935 4081 Berlin
955 4029 1041 4094 1861),
1059 4032 1100 4089 II,
1123 4035 1169 4078 134
1181 4049 1227 4096 sq.

177 4112 247 4165 ⁵0f.
267 4117 304 4166 Η.
324 4118 400 4168 Hom.
419 4121 446 4168 ia
466 4120 522 4169 Cer.
542 4137 566 4168 v.
587 4122 732 4166 ase-369.

178 4198 190 4229 ⁶
206 4201 255 4250 Vel
272 4197 409 4272 aabupacl,
429 4218 489 4252 cum
506 4220 601 4255 nomen
618 4203 741 4273 τελεστὴς
759 4203 882 4252 neritum
901 4203 933 4251 sit
951 4203 1025 4267 (Api.
1041 4221 1072 4267 p.
1092 4203 1163 4267 315).
1357 4263 1362 4274 Ι

179 4285 264 4336 7Ηοο
287 4293 355 4336 certe
378 4287 433 4336 fieri
456 4291 584 4353 potuisse,
609 4291 690 4340 multa
712 4288 812 4341 Cereris
835 4289 984 4338 Eleusiniae
1009 4286 1173 4359 ἀφιδρύματα
1197 4289 1275 4337 etiam
1297 4283 1380 4335 extens

109 4374 259 4425 uansmissa
277 4373 351 4439 (Api.
366 4390 396 4438 p.
417 4378 466 4422 274
485 4376 519 4425 N.
539 4380 568 4440 d)
587 4377 648 4426 satis
667 4376 833 4429 ostendunt
