2986 4800
740 193 781 253 54

114 392 302 478 intelligere
319 392 495 476 potuerit.²
523 393 582 456 Sin
598 415 636 457 ea
653 394 787 476 scripta,
806 415 889 477 quae
906 393 1108 456 Aristotelea
1124 400 1279 479 καλούμενα
1293 401 1397 472 vocat,

23 592 28 602 Ι
114 513 180 576 iam
196 513 303 576 medio
320 521 414 576 sexto
431 513 563 576 saeculo
579 512 757 577 tribuenda
774 521 867 590 sunt,
890 512 1024 575 vixerit
1040 511 1303 596 impediendum,
1325 535 1398 594 quo-

114 632 221 696 minus
244 633 437 716 Theogonia
457 640 572 695 nostra
593 635 804 719 ,,παμπαλαία“
826 633 867 696 ad
889 631 1027 695 Homeri
1048 632 1101 694 vel
1123 631 1263 695 Hesiodi
1285 632 1398 696 saltem

113 759 263 836 tempora
278 752 423 815 recedat.
457 751 556 815 Quod
572 752 599 813 si
615 751 662 814 ita
679 757 747 829 est,
770 751 1004 814 Onomacritus
1021 752 1091 834 ejus
1108 759 1224 815 auctor
1245 772 1319 815 esse
1339 775 1398 814 non

113 878 236 955 potest.
263 871 322 934 Sin
338 873 401 933 hoc
419 871 629 948 concedatur,
645 871 801 953 Zagreus,
817 892 913 953 quem
929 892 1091 934 consensu
1105 871 1252 934 omnium
1266 870 1397 956 scripto·

114 1012 185 1056 rum
203 989 343 1072 primum
360 990 400 1053 ab
418 989 634 1053 Onomacrito
650 999 726 1059 ἔπεσι
743 991 946 1053 celebratum
963 1012 1035 1054 esse
1051 997 1200 1068 constet,
1222 992 1354 1054 nullum
1370 991 1397 1054 in

114 1116 226 1171 vetere
243 1117 277 1171 et
293 1108 420 1172 sincera
436 1109 583 1192 Orphica
598 1109 792 1193 Theogonis
807 1110 916 1172 locum
936 1109 1058 1173 tenuit.

200 1227 262 1290 His
283 1227 386 1311 igitur
403 1229 555 1293 omnibus
577 1229 732 1309 efficitur,
756 1230 926 1312 Orpheum
946 1253 1048 1292 unum
1070 1237 1203 1293 tantum
1219 1230 1395 1314 Dionysum

115 1346 243 1410 scilicet
260 1349 465 1426 Thebanum,
484 1351 633 1413 Semelae
651 1349 767 1426 filium,
785 1349 818 1411 in
835 1349 1029 1432 Theogonis
1045 1371 1334 1427 commemorasse,
1350 1349 1396 1432 qui

113 1465 177 1529 iam
200 1467 344 1531 Homero
369 1470 458 1532 haud
479 1469 669 1552 incognitus
691 1468 803 1532 fuerit.
845 1470 944 1533 Alter
964 1469 1165 1553 Dionysus,²
1187 1469 1396 1552 Proserpinae

114 1586 213 1680 filins,
237 1608 278 1650 er
294 1588 499 1652 Onomacriti
515 1599 644 1663 Τελεταῖς
665 1590 716 1652 vel
742 1611 781 1652 ex
797 1589 992 1672 Hieronymi
1007 1589 1219 1672 Theogonia⁸
1244 1588 1278 1652 in
1295 1591 1396 1671 Rhap-

31 1744 35 1751 ·
83 1684 86 1690 ¹
114 1705 223 1768 sodias
248 1716 401 1790 receptus
425 1708 558 1772 videtur
582 1710 622 1771 ab
649 1709 765 1771 eodem
790 1709 966 1792 scriptore,
999 1710 1055 1791 qui
1079 1715 1210 1793 praeter
1240 1709 1396 1793 duplicem

114 1824 300 1906 Dionysum
315 1826 349 1906 in
364 1850 429 1889 uno
447 1835 481 1891 et
497 1828 611 1891 eodem
629 1828 772 1891 carmine
793 1829 919 1911 lingere
935 1851 1000 1892 non
1018 1827 1223 1893 dubitaverit
1240 1828 1397 1912 duplicem

114 1943 308 2022 Venerem,⁴
331 1946 496 2029 duplicem
513 1949 708 2024 Phorcum,⁵
731 1948 854 2032 duplex
870 1970 976 2031 genus
994 1947 1217 2025 Gratiarum,⁸
1239 1948 1397 2032 triplicem

116 2062 256 2145 denique
272 2064 447 2129 Noctem.⁷
479 2068 562 2130 Cum
580 2067 666 2131 enim
681 2068 758 2131 inde
775 2070 815 2130 ab
833 2066 1039 2131 Onomacriti
1054 2068 1262 2150 temporibus
1281 2065 1397 2150 Orphei

114 2205 234 2246 nomen
256 2185 362 2267 magis
384 2186 553 2268 magisque
577 2209 652 2250 cum
673 2187 840 2271 mysteriis
856 2186 1019 2264 Bachicis,
1043 2187 1101 2251 ubi
1116 2187 1233 2270 Zagrei
1256 2196 1399 2273 radipert

28 2300 30 2304 ’
116 2303 380 2380 celebrabantur,
404 2313 656 2369 connecteretur
675 2315 709 2369 et
731 2306 802 2391 ipsa
824 2329 916 2370 saera
932 2307 1079 2391 Orphica
1100 2308 1140 2371 ad
1162 2310 1252 2371 hunc
1274 2304 1399 2389 potissi·

116 2443 206 2483 mum
231 2422 329 2485 deum
354 2430 560 2506 spectarent,
587 2425 657 2487 fieri
681 2425 736 2488 vix
761 2427 886 2511 potuit,
913 2427 992 2510 quin
1016 2429 1115 2490 homo
1141 2426 1283 2490 saeculis
1308 2430 1399 2489 natus

116 2539 350 2635 superstitione
380 2550 414 2605 et
438 2542 548 2625 magia
576 2542 721 2623 refertis,
752 2569 827 2608 cum
855 2547 977 2610 veteris
1002 2546 1167 2629 Orphicae
1193 2543 1398 2628 Theogoniae

117 2659 293 2722 mutandae
305 2660 478 2724 consilium
489 2661 642 2744 cepisset,
661 2685 734 2727 eum
745 2667 841 2729 deum
852 2665 984 2729 silentio
1002 2665 1208 2750 praeteriret,
1226 2667 1321 2750 cujus
1338 2664 1399 2727 cul·

116 2784 171 2841 tus
194 2779 345 2844 omnibus
362 2781 526 2863 Orphicae
544 2780 713 2845 doctrinae
737 2786 995 2849 assectatoribus
1012 2785 1152 2849 maxime
1166 2786 1264 2849 'cordi
1287 2783 1398 2848 esset⁸
1420 2778 1426 2787 ’

185 2985 195 3015 ¹
212 2988 299 3038 Locus
316 2990 356 3038 De
369 2990 465 3038 Anima
481 2992 505 3049 I,
519 2995 532 3036 5
553 2989 584 3036 ud
599 2984 699 3039 Ouarnoi
712 2989 787 3053 (Apl.
798 3007 828 3055 p.
845 2994 892 3039 755
906 2993 968 3057 eq),
987 2994 1027 3041 De
1041 2991 1134 3042 Gener.
1155 2994 1234 3042 anim.
1255 2995 1288 3042 ad
1300 2987 1398 3044 Illarum

117 3073 191 3138 (Api.
207 3093 237 3139 p.
258 3075 320 3137 381)
339 3075 488 3123 referendus
508 3076 615 3125 videtur.

119 3180 121 3184 ·
184 3155 278 3207 'Novi
297 3160 426 3209 Platonici
450 3176 577 3223 nusquam
596 3163 731 3225 Zagreum,
757 3164 801 3211 sed
826 3177 928 3225 semper
945 3163 1090 3228 Dionysum
1108 3167 1135 3214 in
1153 3181 1197 3215 ore
1216 3166 1313 3215 hubent
1331 3163 1396 3229 (Ayl.

19 3252 21 3257 ·
114 3233 233 3307 Pleu).
270 3244 360 3306 Itaque
380 3247 570 3309 suspicandum,
592 3249 618 3295 in
636 3247 792 3310 Rhapsodiis
812 3263 857 3297 eos
876 3249 939 3296 illud
959 3264 1051 3298 nomen
1070 3251 1244 3314 conlegisse.

182 3323 257 3376 “cf:
278 3331 379 3389 Tatiae,
398 3349 420 3380 c.
444 3335 492 3381 Or.
518 3334 593 3381 VIII
602 3351 632 3397 p.
653 3338 717 3393 2513
738 3336 876 3398 Atheuuy„
897 3335 987 3398 Suppl.
1009 3353 1032 3385 r.
1053 3339 1085 3382 20
1104 3344 1129 3383 et
1147 3341 1179 3384 32
1200 3344 1225 3384 et
1245 3351 1312 3399 quae
1331 3347 1397 3398 supra

118 3413 148 3461 'de
166 3413 208 3461 hia
226 3413 291 3462 locis
310 3414 431 3463 diximus.

159 3494 277 3563 ·⁴,Ayl.
293 3516 323 3564 p.
346 3504 403 3547 542.

101 3570 105 3577 ’
186 3567 278 3649 ⁶A9'r.
296 3602 324 3649 p.
347 3590 404 3634 soe.
1209 3614 1213 3619 .

184 3666 276 3734 8Αῃῑ.
293 3688 323 3734 p.
344 3674 403 3730 398,
426 3675 484 3728 538,
505 3675 563 3720 543.
600 3672 743 3721 Pausanias
761 3673 824 3737 (IX,
844 3674 887 3736 35)
907 3673 1050 3723 Hesiodum
1073 3675 1187 3724 reserens
1209 3677 1236 3724 in
1255 3673 1395 3739 Theogonis

118 3753 219 3804 Gratias
238 3757 368 3819 appellare
387 3756 453 3804 filias
472 3755 546 3804 Iovis
566 3764 591 3804 et
608 3757 771 3820 Eurynomae
789 3759 872 3807 addit:
895 3757 964 3810 arrd
986 3757 1068 3810 τάυτὰ
1087 3758 1116 3810 δὲ
1134 3759 1161 3810 ἐν
1180 3758 1266 3819 ἔπεσίν
1285 3760 1337 3812 ἐστι
1352 3761 1394 3811 τοῖς

74 3897 77 3903 ¹
115 3822 308 3911 'Ouopauplr'ou
346 3841 417 3891 Haec
436 3840 596 3890 Onomacriti
616 3838 665 3910 ἔπη
684 3841 870 3892 Lobeckins
892 3843 1072 3907 Theogoniam
1090 3844 1232 3908 Orphicum
1250 3862 1308 3897 esse
1325 3851 1392 3910 putat

117 3922 241 3973 Proculus
266 3941 325 3976 vero
344 3926 448 3976 Gratias
471 3927 612 3975 secundum
635 3924 767 3988 Orpheum
785 3927 895 3977 Vulcani
914 3937 940 3978 et
957 3929 1065 3979 Veneris
1088 3931 1153 3980 filias
1177 3933 1285 3982 reddere
1309 3933 1394 3980 videtur

119 4007 193 4071 (Ape.
209 4025 239 4072 p.
260 4011 329 4074 543).
366 4013 433 4061 Hinc
455 4013 499 4061 ille
523 4012 563 4060 vir
581 4012 745 4060 doctissimus
764 4013 917 4076 suspicatur,
943 4012 1074 4077 Orpheum
1093 4014 1241 4065 Gratiarum
1263 4032 1342 4081 genus
1358 4015 1395 4062 du·

117 4094 179 4159 plex
196 4095 337 4146 induxisse.
373 4099 501 4162 Equidem
526 4100 668 4163 simplicius
691 4100 766 4159 duco,
792 4101 814 4148 si
832 4102 858 4149 id
877 4102 945 4163 quod
970 4102 1022 4148 iam
1047 4115 1124 4163 supra
1142 4101 1392 4156 animadverterimus,
1440 4118 1442 4155 ς

118 4178 279 4240 Onomacriti
304 4178 353 4250 ἔπη
378 4198 430 4232 non
449 4199 505 4234 esse
523 4186 702 4248 Theogoniam
721 4183 828 4247 Orphei,
848 4185 992 4235 Pausaniae
1014 4186 1097 4236 verbis
1116 4187 1263 4237 confirmari
1281 4189 1393 4237 dicamus.
1440 4174 1442 4211 ³

186 4263 277 4331 lAyl.
294 4285 324 4332 p.
345 4273 403 4316 502.

185 4349 256 4401 ⁸Of.
278 4351 443 4412 Gerhard,
464 4354 483 4404 l.
504 4372 526 4404 c.
549 4357 582 4405 N.
603 4361 644 4404 53.
