2986 4800
672 189 711 250 37

45 389 310 455 Lobeckiusz¹
334 412 427 468 „non
441 389 504 453 erit
514 389 697 473 quisquam,
716 391 834 473 inquit,
852 391 931 474 quin
939 390 1030 454 illam
1042 392 1249 473 splendidam
1266 415 1336 456 ora·

43 511 186 588 tionem,
206 532 271 592 qua
282 507 335 572 dei
350 507 460 591 imago
477 510 599 572 mundo
616 510 774 594 impressa
789 510 1007 594 praedicatur,
1025 512 1223 594 hymnodiae
1240 535 1338 594 quam

43 627 284 713 cosmogoniae
306 626 495 691 similiorem
518 636 654 712 putet.“
691 629 775 691 Cum
795 650 873 693 vero
889 629 975 692 idem
997 630 1046 692 vir
1068 629 1279 693 doctissimus
1296 652 1337 693 ex

43 749 192 813 lectione
215 747 330 835 μέλλεν’
352 757 405 815 ἀπὸ
420 757 531 835 κραδίης
550 759 694 836 προφέρειν
708 761 765 816 κτλ.
786 755 935 832 ‘tempore
951 749 1145 831 imperfecto
1167 750 1273 832 magis
1295 749 1337 813 ad

42 866 271 933 narrationem
293 866 483 930 continuam
501 890 597 950 quam
620 867 661 930 ad
678 867 731 931 dei
751 868 996 932 invocationem
1011 868 1128 931 idonea
1150 869 1334 952 collegerit,

43 987 152 1051 nihilo
179 985 287 1049 minus
312 985 388 1049 illos
413 1007 526 1050 versus
552 987 687 1050 carmini
712 987 914 1070 theogonico
938 988 1133 1051 tribuendos
1158 1009 1245 1064 esse,
1275 1010 1336 1051 nec

43 1106 167 1171 deinde
190 1105 331 1184 videam,
355 1127 419 1188 quo
435 1105 505 1169 iure
526 1105 610 1169 istae
632 1107 747 1171 laudes
763 1107 856 1170 Jovis
877 1106 1024 1191 prolixae
1047 1115 1146 1190 atque
1168 1107 1335 1190 grandilo-

44 1247 131 1309 quae
147 1225 184 1287 in
195 1224 459 1309 Lycomedarum
475 1227 616 1309 hymnos
627 1225 811 1289 Homericis
828 1226 933 1288 multo
951 1225 1117 1289 breviores
1134 1233 1168 1289 et
1183 1226 1336 1290 viliores³

43 1344 247 1428 relegandae
264 1343 346 1419 sint3
371 1342 514 1407 Tzetzae
530 1351 640 1408 autem
663 1344 890 1407 testimonium
907 1352 1080 1428 propterea
1102 1368 1168 1408 non
1186 1368 1336 1430 premen-

45 1465 130 1527 dum
152 1462 317 1541 videatur,
341 1463 430 1545 quod
445 1463 553 1546 ipsum
578 1464 709 1546 quidem
731 1463 807 1526 illos
833 1485 946 1527 versus
972 1486 1011 1527 ex
1032 1464 1225 1548 Theogonis
1250 1465 1334 1547 (scil.

48 1580 257 1666 rhapsodica)
273 1604 340 1647 non
357 1605 398 1645 ex
420 1582 554 1646 sinceris
572 1583 696 1667 Orphei
716 1583 847 1667 hymnis
864 1591 936 1646 tum
952 1583 1110 1667 temporis
1131 1583 1194 1647 iam
1211 1585 1335 1647 dudum

46 1724 180 1781 eorum,
206 1724 287 1785 quos
310 1725 397 1766 nunc
419 1703 595 1782 habemus,
623 1703 821 1767 auctoritate
844 1725 882 1767 ex
909 1704 1077 1766 hominum
1101 1704 1258 1767 memoria
1280 1705 1335 1767 de-

43 1821 153 1906 pulsis
176 1821 355 1906 sumpsisse
377 1822 458 1885 satis
482 1822 692 1886 manifestum
716 1831 778 1900 est,
805 1862 838 1871 —
863 1825 923 1887 has
945 1823 1048 1906 igitur
1069 1825 1110 1886 ob
1134 1844 1248 1887 causas
1269 1847 1337 1886 non

44 1941 231 2019 abnuerim,
254 1941 342 2005 inter
360 1950 414 2004 tot
436 1963 549 2005 versus
571 1942 920 2021 aPseudoaristotele,
944 1943 1141 2026 Appulejo,⁴
1165 1943 1337 2006 Clemente

44 2060 287 2140 Alexandrino,
320 2062 515 2146 Porphyrio,
548 2062 692 2126 Stobaeo
718 2069 903 2124 asservatos
928 2062 1105 2124 nonnullos
1129 2064 1248 2140 latere,
1282 2062 1337 2145 qui

43 2180 109 2243 iam
130 2204 149 2244 a
168 2188 282 2244 vetere
299 2181 433 2265 Orpheo
451 2180 582 2264 procusi
598 2180 675 2243 sint.
714 2180 861 2244 Quorum
878 2180 912 2243 in
927 2203 1062 2243 numero
1079 2181 1219 2244 fortasse
1237 2182 1337 2245 etiam

44 2299 132 2363 illud
148 2298 333 2364 distichon:

116 2473 126 2503 ¹
145 2476 210 2540 Ayl.
226 2493 257 2541 p.
278 2481 325 2525 527
346 2478 406 2527 roll.
422 2494 452 2542 p.
474 2481 532 2524 522.

117 2558 222 2612 ΒΗυιιο
244 2563 384 2625 genuinam
406 2562 500 2611 veteris
522 2563 641 2610 carminis
665 2562 803 2610 lectionem
827 2563 919 2622 fuisse,
944 2561 1137 2611 Lobeckius
1157 2563 1192 2622 (l.
1213 2562 1248 2622 o.)
1271 2561 1336 2610 bene

46 2646 177 2709 explicate

121 2728 132 2758 ³
150 2734 227 2785 Pau.
241 2735 261 2785 l.
272 2751 311 2785 a:
329 2728 395 2790 Τοὺς
410 2727 527 2804 Ὀρφέως
546 2729 638 2801 ὕμνους
656 2729 724 2782 οἶδεν
744 2728 818 2787 ὄντας
837 2730 944 2783 ἕκαστόν
961 2750 989 2783 τε
1008 2729 1094 2783 αὐτῶν
1113 2732 1154 2784 ἐπὶ
1172 2732 1335 2804 βραχύτατον

46 2816 125 2881 (Αρί.
140 2835 171 2883 p.
185 2824 235 2868 390
248 2820 283 2870 N.
298 2838 328 2869 o:
346 2818 425 2879 ,,τοὺς
440 2813 558 2889 Ὀρφέως
577 2815 668 2886 ὕμνους
686 2814 750 2876 οἶδε,
772 2815 878 2868 ἕκαστον
895 2835 923 2868 τε
942 2815 999 2868 κτλ.
1019 2832 1107 2867 omnes
1127 2819 1272 2882 singulos“)
1291 2818 1337 2869 zui

45 2900 75 2951 τὸ
95 2899 198 2969 σύμπαν
216 2901 264 2956 οὐκ
289 2903 315 2961 ές
334 2901 442 2976 ἀριθμὸν
465 2903 543 2955 πολὺν
566 2902 771 2972 πεποιημένους.
787 2940 793 2953 .
808 2941 814 2953 .
830 2901 940 2972 ,κόσμῳ
964 2903 1011 2970 μὲν
1036 2901 1067 2971 δὴ
1087 2911 1138 2955 τῶν
1162 2903 1230 2954 ἐπῶν
1249 2903 1333 2955 δευτε-

47 2992 109 3058 ραῖα
129 2986 161 3040 ἂν
179 2989 294 3060 φέροιντο
310 2988 379 3059 μετὰ
394 2985 512 3061 Ὁμήρου
531 3008 560 3059 γε
577 2988 636 3045 τοὺς
654 2985 746 3056 ὕμνους
763 2988 822 3039 κτλ.

41 3068 71 3167 ν
114 3072 290 3140 4lippulejus
315 3077 369 3142 (De
386 3078 484 3127 Mando
503 3094 525 3128 c.
546 3079 578 3125 37
605 3076 654 3142 [ed.
674 3077 839 3126 Hildebrand
861 3077 902 3134 II,
925 3075 1000 3141 429J)
1026 3076 1081 3124 sine
1105 3075 1182 3122 dubio
1207 3073 1335 3124 Graecum

46 3167 146 3210 tantum
164 3167 266 3210 textum
283 3162 411 3225 apposuit.
444 3160 517 3221 Quae
536 3162 612 3225 igitur
630 3168 688 3210 ante
701 3161 820 3209 Vulcanii
840 3161 979 3210 editionem
997 3161 1129 3224 legebatur
1145 3159 1242 3209 Latina
1259 3161 1336 3208 inter·
1375 3202 1377 3206 .

45 3245 157 3309 pretatio
177 3246 267 3309 (quam
285 3248 361 3296 etiam
380 3246 566 3297 Lobeckius
589 3248 651 3312 Agl.
668 3264 698 3312 ρ.
719 3251 768 3296 523
787 3246 841 3310 dat)
860 3254 885 3295 et
903 3261 969 3308 quae
987 3247 1012 3294 in
1032 3245 1198 3308 sequentibus
1217 3246 1335 3294 editioni-

45 3332 93 3380 bus
112 3333 203 3381 addita
226 3340 281 3382 erat
303 3334 534 3396 (Hildebrand,
560 3336 578 3384 l.
599 3353 622 3384 c.
637 3352 667 3399 p.
688 3334 760 3397 4³0),
784 3349 837 3383 non
855 3335 888 3382 ad
911 3333 996 3396 ipsum
1013 3331 1171 3396 Appulejum
1188 3332 1336 3381 referendae

46 3426 114 3466 sunt.
153 3416 207 3466 Sed
231 3426 291 3467 ante
314 3419 382 3468 hunc
405 3421 555 3484 scriptorem
573 3420 624 3471 iarn
643 3420 775 3469 Valerium
799 3418 926 3468 Soranum
950 3419 1087 3468 nonnullos
1112 3433 1145 3467 ex
1168 3419 1220 3468 illis
1240 3416 1336 3480 Orphei

45 3504 162 3553 versibus
181 3505 209 3552 in
227 3502 350 3553 Latinum
367 3506 481 3566 vertisse,
501 3506 573 3555 testis
592 3514 630 3555 est
642 3506 725 3554 Varro
744 3507 812 3569 apud
831 3506 1005 3568 Augustinum
1024 3505 1077 3569 (De
1091 3506 1144 3554 Gla.
1158 3506 1194 3553 D.
1218 3504 1280 3560 VII,
1294 3503 1335 3564 9):

47 3590 86 3649 ‚In
105 3590 174 3638 hane
193 3591 348 3640 sententiam
366 3592 443 3641 etiam
462 3593 587 3654 quosdam
608 3607 696 3640 versus
714 3592 811 3641 Valerii
832 3590 923 3641 Sorani
943 3592 1049 3654 exponit
1072 3591 1140 3638 idem
1159 3589 1242 3637 Varro
1260 3588 1286 3635 in
1305 3601 1336 3635 oo

46 3675 121 3735 libro,
142 3691 221 3739 quem
240 3691 355 3725 seorsum
373 3677 405 3725 ab
424 3678 482 3727 istis
501 3679 532 3726 de
551 3679 621 3727 cultu
640 3679 745 3726 deorum
763 3677 882 3740 scripsit3
902 3677 944 3739 qui
963 3691 1051 3726 versus
1069 3675 1095 3723 hi
1115 3681 1186 3722 sunt:

282 3761 401 3826 luppiter
420 3763 582 3825 omnipotens
600 3778 690 3826 regum
708 3777 844 3825 rerumque
864 3764 990 3824 deumque

282 3846 442 3910 Progenitor,
461 3849 624 3911 genitrixque
643 3849 726 3909 deum,
747 3848 809 3896 deus
829 3863 902 3910 unus,
923 3856 948 3896 et
966 3847 1068 3895 omnis‘

46 3931 95 3993 Qui
121 3948 213 3984 versus
237 3948 297 3982 eum
321 3947 374 3982 non
397 3941 449 3982 tom
473 3949 531 3983 cum
555 3933 596 3992 iis,
622 3934 665 3995 qui
690 3934 717 3981 iu
735 3933 881 3982 Aristotelis
905 3939 931 3980 et
947 3929 1068 3994 Appuleji
1092 3929 1164 3978 libris
1189 3930 1220 3977 de
1238 3929 1336 3979 Mundo

46 4020 134 4084 scripti
154 4026 223 4081 sunt,
245 4019 406 4079 conveniant,
426 4034 503 4081 quam
522 4034 579 4067 curn
598 4019 713 4079 Eusebii,
733 4019 845 4078 Proculi,
867 4017 969 4067 Stobaei
988 4015 1116 4063 versibus:

283 4100 350 4160 Ζεὺς
370 4102 495 4172 βασιλεὺς,
515 4101 583 4160 Ζεὺς
601 4101 678 4159 αὐτὸς
697 4101 816 4155 ἁπάντων
835 4098 1024 4174 ἀρχιγένεθλος.

278 4181 326 4240 Ἓν
344 4189 445 4259 Ικράτος,
466 4187 503 4245 εἷς
522 4186 620 4257 δαίμων
638 4189 733 4258 γένετο,
755 4188 834 4257 μέγας
854 4186 934 4258 ἀρχὸς
953 4184 1081 4245 ἁπάντων,

43 4278 233 4342 suspicandum
252 4284 299 4335 est,
319 4277 451 4325 Valerium
469 4290 522 4324 non
540 4290 573 4324 ex
592 4274 692 4325 Graeco
711 4275 775 4322 libro
795 4276 825 4324 de
841 4274 948 4332 Mundo,
969 4274 1013 4321 sed
1033 4288 1065 4322 ex
1082 4273 1139 4335 ipso
1158 4271 1253 4334 Orphei
1271 4271 1297 4318 h.
1312 4284 1333 4318 e.

42 4362 174 4412 Hellanici
194 4362 310 4411 carmine
329 4362 386 4410 illos
405 4376 492 4410 versus
511 4363 659 4425 sumpsisse.
