2986 4800
624 189 795 286 —17—

63 394 140 459 Nisi
156 393 261 477 igitur
277 392 355 457 Nox
369 391 556 469 adderetur,
579 413 677 474 quam
699 393 873 455 Platonem
894 393 986 455 nullo
1008 393 1082 458 loco
1099 415 1354 459 commemorare

63 515 227 591 vidimus,
254 518 434 576 concentus
460 533 534 575 cnm
556 510 680 574 Timaei
706 511 814 575 verbis
836 533 903 575 non
923 512 1044 575 dubius
1066 520 1165 577 esset.
1199 514 1247 576 At
1268 514 1355 577 enim

63 634 159 697 illam
183 655 250 697 non
274 640 344 695 tam
368 631 528 695 absonam
550 629 646 707 duco,
673 637 711 693 ut
732 631 825 693 nullo
850 639 947 715 pacto
970 632 1012 695 ab
1038 632 1208 696 harmonia
1232 632 1354 696 distur-

63 753 176 817 banda
201 750 334 815 avocari
357 750 475 835 possit.
522 748 669 813 Scilicet·
689 750 863 815 verborum
889 750 1030 815 Eudemi
1058 773 1174 815 sensus
1198 774 1265 815 non
1289 759 1352 829 est,

63 873 238 957 Orpheum
260 869 375 934 statim
396 870 440 933 ab
463 868 558 933 initio
583 868 661 932 tria
685 868 800 932 simul
824 869 1172 953 principiaposuisse,
1195 870 1351 948 Noctem,

63 992 211 1069 Terram,
231 990 381 1065 Ocelum,
405 989 462 1052 sed
479 1010 520 1053 ex
536 989 646 1072 Nocte
661 996 820 1072 tanquam
842 997 947 1053 matre
964 989 1057 1053 Coeli
1073 997 1108 1054 et
1122 990 1240 1054 Terrae
1256 1013 1353 1074 syzy-

62 1112 155 1195 giam
171 1117 280 1174 ortam
294 1107 440 1172 finxisse.
478 1108 520 1170 Id
537 1109 625 1191 quod
641 1131 707 1171 non
724 1109 830 1172 solum
854 1110 1020 1172 communi
1036 1109 1237 1174 Graecarum
1258 1111 1353 1173 theo·

63 1230 240 1314 goniarum
254 1249 345 1292 moro
361 1226 525 1291 evincitur
539 1225 608 1307 ipre
624 1249 753 1310 semper
768 1249 826 1310 per
842 1229 984 1311 dyades¹
1001 1229 1123 1313 primas
1139 1228 1353 1312 genealogias

63 1347 302 1413 deducentium
322 1354 357 1411 et
378 1348 420 1410 ab
443 1369 508 1410 uno
530 1353 663 1411 tantum
685 1346 844 1430 principio
868 1353 996 1412 ceteros
1018 1348 1097 1412 deos
1120 1347 1351 1431 dodrantium,

67 1469 128 1530 sed
144 1467 243 1531 etiam
258 1466 330 1531 aliis
352 1474 387 1530 et
403 1466 543 1530 Eudemi
563 1473 597 1530 et
614 1464 819 1543 Aristotelis,
843 1466 995 1549 magistri
1011 1467 1091 1546 eius,
1113 1467 1195 1530 locis
1211 1466 1353 1531 maxime

67 1585 249 1669 perspicuis
265 1587 509 1669 comprobatur.
535 1586 586 1649 De
597 1586 745 1649 Eudemo
755 1584 970 1650 Damascius¹
987 1589 1069 1650 haec
1084 1585 1204 1650 tradit:
1224 1592 1263 1654 ‘H
1278 1595 1353 1671 παρὰ

62 1720 105 1792 τῷ
125 1713 332 1792 Περιπατητικῷ
352 1711 477 1792 Εὐδήμῳ
499 1714 719 1792 ἀναγεγραμμένη
742 1717 779 1781 ὡς
801 1719 850 1775 τοῦ
866 1712 991 1792 Ὀρφέως
1012 1712 1080 1774 odon
1102 1714 1230 1791 θεολογία
1250 1717 1302 1773 πᾶν
1321 1713 1352 1773 τὸ

62 1835 158 1911 νοητὸν
173 1833 322 1910 ἐσιώπησεν
335 1835 374 1899 ὡς
386 1833 554 1893 παντάπασιν
565 1830 681 1910 ἅῤῥητον
753 1834 807 1893 ἀπὸ
821 1836 852 1894 δὲ
865 1839 914 1912 τῆς
922 1831 1029 1901 Νυκτὸς
1043 1835 1186 1911 ἐποιήσατο
1194 1834 1243 1910 τὴν
1257 1833 1353 1914 ἀρχὴν,

61 1952 102 2031 ἀφ’
124 1953 157 2030 ἧς
170 1951 216 2011 καὶ
230 1953 245 2011 ί
261 1947 384 2031 Ὅμηρος
398 1995 406 2011 .
421 1995 429 2011 .
444 1995 452 2012 .
467 1952 499 2012 ού
514 1953 564 2030 γὰρ
586 1953 749 2012 ἀποδεκτέον
763 1949 895 2030 Εὔδημον
911 1954 1029 2030 λέγοντος
1044 1953 1084 2014 ὅτι
1099 1954 1151 2012 ἀπὸ
1162 1950 1294 2012 Ὠκεανοῦ
1309 1951 1354 2012 καὶ

61 2070 173 2148 Τηθύος
187 2068 309 2153 ἄρχεται.
344 2071 473 2131 Φαίνεται
486 2072 537 2150 γὰρ
552 2070 633 2136 εἰδὼς
646 2070 691 2130 καὶ
711 2066 763 2148 τὴν
776 2068 872 2130 Νύκτα
887 2072 1014 2148 μεγίστην
1033 2071 1104 2131 οὕτω
1119 2072 1184 2130 θεὸν
1198 2073 1236 2136 ὡς
1250 2071 1295 2129 καὶ
1307 2070 1353 2130 τὸν

60 2189 110 2249 Δία
138 2189 268 2265 σέβεσθαι
288 2190 379 2268 αὐτὴν·
408 2193 510 2264 „disto
530 2191 581 2268 γὰρ
605 2190 643 2268 μὴ
664 2186 749 2250 Νυκτὶ
771 2187 827 2268 θοῇ
849 2189 988 2268 ἀποθύμια
1008 2184 1106 2266 [iiim-‘⁸
1150 2180 1351 2244 Aristoteles

61 2321 140 2363 vero
157 2299 287 2365 verbis³
309 2310 333 2369 oi
347 2309 472 2387 θεολόγοι
486 2310 510 2369 οἱ
525 2310 555 2368 ἐκ
569 2309 662 2375 νυκτὸς
674 2315 814 2385 γεννῶντες
829 2301 999 2383 Orpheum
1022 2300 1156 2384 eiusque
1172 2320 1351 2383 praecones
1372 2362 1376 2370 ,

60 2418 93 2483 in
116 2419 285 2503 mysteriis
308 2418 560 2502 cognominibus
583 2419 739 2483 denotare
762 2418 924 2483 videtur.⁴
961 2425 990 2483 A
1014 2420 1086 2482 sola
1104 2420 1214 2483 Nocte
1235 2418 1349 2502 igitur,

132 2639 142 2671 ¹
160 2645 225 2694 Hes.
242 2645 333 2709 Theop.
347 2661 371 2695 ο.
389 2649 435 2692 116
449 2661 486 2709 rq.
506 2652 567 2707 post
584 2642 671 2693 Chaos
689 2643 769 2692 Terra
792 2651 817 2692 et
834 2643 943 2692 Tartara
961 2644 1088 2704 oriuntur,
1115 2644 1207 2693 deinde
1226 2659 1259 2693 ex
1277 2642 1350 2693 Chao

63 2728 163 2777 Erebns
186 2738 212 2778 et
233 2728 305 2789 Nox,
330 2744 363 2777 ex
386 2728 426 2777 his
444 2738 529 2778 autem
547 2728 644 2778 Aether
669 2735 694 2777 et
710 2727 784 2777 Dies.
807 2728 889 2776 Amor
913 2743 972 2776 vero
996 2729 1095 2777 dnobus
1122 2729 1211 2792 primis
1239 2730 1350 2793 syzygiis

62 2814 235 2877 interponitur
252 2814 321 2863 solus
339 2815 443 2874 iccirco,
463 2815 564 2878 opinor,
584 2815 646 2876 quia
662 2813 770 2862 Hesiodi
788 2814 828 2862 vel
846 2812 901 2875 ejus
920 2813 1110 2876 interpolatoris
1127 2814 1285 2876 temporibus
1304 2814 1350 2863 iilo

60 2899 238 2963 Empedocleo
256 2895 333 2950 νείκει
357 2900 389 2948 ad
411 2913 452 2948 res
475 2899 629 2948 ordinandas
652 2906 677 2948 et
698 2898 834 2947 mutandas
857 2899 971 2947 nondum
993 2913 1058 2961 opus
1077 2912 1133 2947 esse
1151 2899 1284 2948 videbatur
1302 2900 1347 2963 (cf.

60 2987 163 3043 Arist,
181 2985 248 3035 Met.
268 2985 296 3043 I,
315 2991 344 3045 4,
359 3002 389 3049 p.
408 2989 488 3034 985a
509 2989 518 3033 1
540 2991 565 3033 et
583 2984 638 3047 29).
661 3010 696 3021 -
717 2984 818 3033 Deinde
847 2985 917 3033 solus
943 2983 1110 3047 Epimenides
1137 2985 1188 3032 duo
1214 2984 1246 3032 ab
1274 2985 1348 3033 initio

60 3070 190 3133 principia
206 3069 280 3133 ponit
295 3069 405 3119 Noctem
422 3078 448 3118 et
463 3069 566 3118 Aerem.
603 3067 669 3116 Nam
682 3068 844 3117 Hellanicnm
857 3052 890 3116 'in
906 3067 1045 3132 theogonia
1061 3083 1108 3117 sna
1121 3066 1233 3132 Orphica
1245 3069 1349 3131 Aquam

60 3163 87 3205 et
109 3155 215 3204 Limum
238 3156 322 3218 primo
344 3156 403 3204 loco
430 3155 600 3204 collocantem
623 3168 675 3202 non
700 3154 888 3213 arcessiverim,
916 3168 974 3202 oum
997 3153 1060 3201 mihi
1084 3154 1219 3203 recentiori
1246 3154 1349 3203 demum

58 3247 145 3289 aetate
165 3240 300 3303 scripsisse
317 3241 433 3289 videatur
451 3239 507 3301 (ei,
528 3254 593 3303 qnae
612 3239 639 3287 in
657 3239 789 3303 Epimetro
808 3239 922 3288 dicturus
942 3239 1019 3301 snm).

129 3322 192 3375 ²L‚
213 3345 235 3376 ι.
255 3344 282 3391 p.
303 3331 362 3375 ess,

129 3407 225 3461 ⁸Met.
244 3412 296 3471 XI,
316 3416 339 3471 s,
356 3429 386 3477 p.
410 3411 561 3460 1071127.

129 3492 141 3523 ⁴
160 3493 200 3544 Of.
221 3497 285 3561 Ape.
300 3513 330 3560 p.
350 3500 411 3556 488,
436 3494 583 3556 Brandis,
608 3495 752 3544 chdduod
775 3496 823 3544 der
849 3497 1164 3546 &sesses-Remiserim
1186 3496 1349 3559 Philosophia

60 3580 168 3641 (Berlin
188 3580 266 3641 1835)
285 3582 370 3642 I,65;
388 3580 506 3641 Zellcr,
525 3582 545 3630 l.
565 3599 587 3630 ο,
605 3583 675 3640 Ι,68
694 3582 729 3630 N.
743 3586 767 3628 2.
803 3580 932 3643 Equidem
951 3582 999 3631 etsi
1017 3597 1069 3631 non
1087 3596 1163 3646 nego,
1184 3582 1348 3630 Aristotelem

59 3664 145 3714 verbis
165 3665 218 3713 suis
236 3665 389 3715 Acusilaum
410 3680 514 3730 quoque
537 3672 562 3715 et
579 3666 759 3729 Epimenidem
781 3680 832 3715 una
854 3664 1036 3734 cum30rpheo
1059 3666 1202 3731 significare
1226 3666 1346 3727 voluisse,

59 3751 104 3812 qni
123 3749 202 3799 Nocti
218 3749 333 3800 Erebum
353 3751 481 3802 Adremve
504 3751 698 3813 conjunxerint,
724 3759 810 3801 tamen
834 3754 997 3802 temerarium
1015 3760 1086 3816 puto,
1106 3752 1127 3800 si
1146 3752 1205 3814 quis
1224 3765 1283 3800 enm
1301 3750 1348 3801 Or·

59 3834 157 3897 pheum
180 3849 213 3884 ne
237 3836 265 3885 in
286 3843 372 3886 mente
396 3838 501 3900 quidem
524 3838 645 3887 habuisse
664 3838 831 3887 contenderit.
868 3838 943 3899 Quod
967 3840 1035 3887 enim
1052 3838 1201 3887 Alexander
1218 3838 1348 3902 Aphrodi-

59 3922 156 3972 siensis
175 3923 315 3984 „omnibns
338 3924 414 3986 iocis,
438 3925 482 3973 ubi
500 3924 653 3974 Aristoteles
676 3923 735 3981 τοὺς
752 3922 898 3995 θεολόγους,
921 3921 979 3979 τοὺς
1000 3923 1115 3992 πρώτους
1132 3919 1346 3994 θεολογήσαντας,

58 4004 118 4063 τοὺς
135 4005 319 4074 παμπαλαίους
341 4017 491 4072 antestatnr,
515 4010 543 4058 in
561 4010 674 4060 Homero
697 4025 754 4062 sese
776 4018 853 4074 atque
872 4010 985 4060 Hesiodo
1004 4009 1125 4070 conduct
1145 4007 1243 4073 Orphei
1261 4018 1347 4060 antem

58 4092 86 4140 in
104 4093 178 4142 libris
197 4109 213 4142 a
231 4091 377 4157 Sapulveda
393 4096 524 4145 translatis
541 4110 574 4145 ne
592 4097 696 4146 nomine
715 4097 820 4160 quidem
838 4097 935 4145 utitur“
955 4095 1030 4158 (Api.
1050 4095 1069 4143 l.
1089 4095 1135 4157 n),
1153 4109 1201 4143 nos
1220 4095 1346 4145 deterrere

59 4192 113 4227 non
134 4184 231 4242 potest,
257 4181 394 4242 quominus
416 4181 502 4244 ipsum
520 4182 686 4232 Aristotelem
710 4181 841 4246 Orpheum
862 4180 958 4243 legisse
980 4180 1104 4229 dicamus.
1141 4179 1263 4230 Ceterum
1285 4181 1346 4230 Ale-

59 4264 188 4312 xandrum
212 4278 315 4327 qnoque
338 4265 399 4331 (nisi
422 4266 498 4314 fallor
518 4267 546 4314 in
567 4276 704 4316 comment.
727 4267 759 4316 ad
777 4265 898 4329 Meteor.)
922 4264 1020 4328 Orphei
1039 4262 1174 4335 Θεογονίαν
1192 4280 1345 4315 commemo-

58 4361 125 4409 rare,
146 4349 209 4397 satis
227 4351 340 4398 memini.

1114 4440 1130 4486 2
