2986 4800
729 201 769 261 59

664 288 834 297 Ἢ

101 399 362 464 fortissimorum
387 408 421 464 et
443 402 747 484 potentissimorum
774 402 893 486 stirpes
916 404 967 467 vel
994 404 1158 488 fingerent
1179 407 1232 470 vel
1258 429 1394 491 percon·

100 520 205 584 tando
223 521 446 604 explorarent.
480 523 544 585 Tot
560 522 647 585 euim
663 523 795 586 saecula
811 529 887 587 ante
903 523 1082 587 Homerum
1100 527 1192 590 nullo
1210 528 1308 591 modo
1325 528 1394 591 sine

100 642 171 704 ulla
196 639 307 723 poesis
332 640 570 705 exercitatione
596 650 630 704 et
654 641 857 706 incremento
888 642 1028 726 cogitari
1050 649 1221 727 possunt.¹
1266 645 1395 711 Distin-

98 759 273 843 guendum
296 759 399 843 igitur
421 767 473 824 est
494 760 581 824 inter
603 783 658 824 eos
679 767 812 844 poetas,
839 762 895 845 qui
915 770 1084 845 postremo
1107 785 1148 827 ex
1168 765 1306 829 materia
1328 788 1393 829 non

100 881 186 943 bene
204 879 338 962 digesta
353 881 528 964 splendida
541 880 601 945 illa
613 880 758 944 carmina
772 881 879 944 veluti
894 881 1036 945 Iliadem
1052 891 1086 946 et
1097 885 1282 969 Odysseam
1299 906 1393 949 exae-

96 1000 293 1077 dificarunt,
318 997 460 1082 aliquam
478 1022 589 1063 eorum
612 1000 761 1082 quamvis
776 1023 842 1063 non
865 1001 1018 1065 omnibus
1040 1003 1184 1067 numeris
1206 1005 1394 1068 absolutam

96 1118 360 1182 continuitatem
386 1120 583 1198 effecerunt,
613 1119 722 1183 omnia
747 1127 888 1183 venusta
910 1121 1124 1205 simplicitate
1146 1132 1180 1186 et
1202 1124 1396 1188 suavissima

97 1237 294 1321 eloquentia
310 1248 559 1318 enarraverunt,
578 1248 613 1303 et
628 1240 715 1304 inter
730 1262 843 1303 eorum
860 1240 952 1323 quasi
967 1263 1196 1324 praecursores
1213 1243 1319 1327 magis
1335 1244 1394 1306 im·

100 1358 227 1442 politos
244 1365 280 1420 et
292 1357 486 1435 dissolutos.
510 1359 567 1422 Illi
583 1369 660 1422 sunt
670 1358 806 1423 Homeri
823 1366 856 1422 et
874 1359 1115 1442 quodammodo
1133 1361 1233 1426 etiam
1244 1362 1392 1441 Hesiodi,

99 1477 138 1540 hi
158 1498 237 1540 vero
253 1478 438 1541 Demodoci
453 1485 488 1542 et
504 1479 532 1541 si
548 1479 603 1562 qui
626 1479 727 1543 etiam
743 1478 924 1542 Hesiodum
942 1487 1194 1544 antecesserunt
1208 1481 1243 1544 in
1258 1482 1395 1545 deorum

102 1596 309 1703 genealqgiis
330 1597 526 1661 adornandis
542 1597 704 1681 theologi.
738 1599 779 1660 In
795 1605 904 1662 utram
925 1598 1029 1682 igitur
1044 1609 1171 1683 partem
1194 1600 1393 1684 relegandus

105 1717 278 1799 Orpheus?
307 1718 397 1780 Num
417 1740 577 1782 unacum
600 1719 744 1781 Homero
768 1726 802 1781 et
817 1718 964 1781 Hesiodo
982 1720 1162 1783 multorum
1183 1742 1394 1805 praegresso·

100 1857 175 1898 rum
197 1844 370 1919 poetarum
393 1838 461 1900 dux
482 1847 516 1900 et
538 1837 631 1920 quasi
653 1845 752 1920 caput
775 1838 946 1901 habendus
969 1846 1020 1902 est
1027 1886 1037 1917 ,
1063 1863 1105 1902 an
1126 1839 1196 1924 ipse
1219 1848 1289 1904 erat
1307 1840 1393 1923 ejus·

102 1954 193 2019 modi
207 1978 410 2038 praecursor,
429 1979 526 2040 quem
536 1964 613 2041 post
627 1957 763 2039 longum
775 1957 906 2019 demum
923 1966 1054 2040 tempus
1065 1958 1092 2020 is
1109 1969 1283 2022 secuturus
1294 1966 1392 2037 esset,

100 2073 157 2157 qui
173 2076 376 2158 theogoniae
399 2099 481 2161 opus
497 2077 703 2139 absolveret?
734 2076 788 2138 Ad
814 2077 902 2158 quod
920 2076 975 2138 vix
1000 2076 1100 2139 dubia
1124 2077 1187 2140 erit
1210 2078 1392 2160 responsio.

101 2193 137 2256 Si
159 2193 249 2257 enim
266 2196 447 2278 Orpheum,
472 2194 595 2278 Oeagri
616 2194 732 2270 filium,
756 2194 854 2257 metri
874 2194 1009 2273 heroici,
1032 2196 1231 2274 litterarum,
1253 2196 1392 2279 magiae,

102 2335 272 2376 sacrorum
288 2315 487 2393 lustralium,
510 2314 752 2399 mysteriorum,
776 2314 856 2378 artis
872 2314 1019 2380 medicae
1035 2315 1260 2379 inventorem'
1282 2337 1395 2379 revera

100 2432 224 2496 vixisse
242 2442 358 2498 contra
374 2433 567 2498 Aristotelis
587 2434 822 2498 auctoritatem
838 2457 1005 2498 sumamus
1028 2444 1062 2498 et
1078 2435 1106 2499 si
1122 2456 1197 2499 eum
1214 2435 1395 2518 Orphicam

99 2553 329 2636 Theogoniam
350 2554 460 2637 ipsum
481 2554 651 2637 scripsisse
667 2553 831 2632 dicamus,
856 2563 979 2636 quanta
999 2554 1095 2618 nobis
1112 2578 1233 2637 quaeso
1255 2554 1394 2637 ineptia·

100 2695 172 2735 rum
184 2674 284 2736 turba
295 2673 370 2736 hinc
382 2674 520 2738 orietur!
545 2673 640 2736 Nihil
657 2672 743 2736 enim
754 2673 838 2751 dico,
856 2696 936 2736 num
951 2673 1009 2737 illa
1025 2681 1147 2752 aetate,
1166 2697 1229 2757 qua
1241 2675 1393 2757 Orpheus

101 2792 225 2855 vixisse
241 2792 362 2871 fertur,
385 2817 450 2857 nou
474 2794 582 2856 solum
603 2793 783 2856 Homerum
806 2793 865 2856 sed
886 2815 924 2856 ea
951 2815 1034 2876 quae
1057 2793 1216 2857 describit
1237 2792 1271 2855 in
1286 2792 1393 2856 Iliade

101 2919 254 2998 tempora
270 2913 482 2977 antecedenti
498 2913 562 2976 iam
579 2935 631 2976 ars
648 2911 813 2976 scribendi
829 2912 909 2976 satis
927 2913 1013 2996 apud
1024 2912 1170 2975 Graecos
1181 2913 1393 2996 percrebrue-

100 3032 162 3108 rit;
187 3032 248 3094 sed
263 3032 291 3095 si
308 3034 460 3116 Orpheus
477 3032 703 3116 Theogoniam
720 3031 868 3114 scripsit,
891 3053 1025 3095 necesse
1043 3039 1094 3094 est
1109 3018 1275 3114 fingamus
1292 3030 1393 3092 Grae·
1441 3053 1442 3056 ¹
1460 3055 1461 3059 ¹

100 3174 157 3216 eos
174 3152 230 3215 vel
247 3175 361 3216 omnes
377 3153 430 3216 vel
447 3175 514 3230 eos,
532 3152 588 3235 qui
604 3153 644 3214 ad
662 3150 793 3214 Piorum
809 3153 976 3214 montem³
995 3151 1029 3214 in
1045 3149 1217 3213 Thessalia
1232 3156 1265 3212 et
1281 3150 1393 3212 Maee-

100 3271 201 3336 donia
223 3264 318 3335 sedes
340 3273 533 3351 habuerint,
556 3273 622 3336 iam
642 3271 700 3334 illo
716 3270 821 3354 primo
843 3262 949 3333 'omnis
962 3292 1082 3340 ¹eorum
1105 3268 1266 3336 historiae
1279 3290 1393 3351 erepu-

100 3393 196 3455 sculo
212 3399 284 3454 tam
299 3391 413 3456 tristes
431 3400 464 3455 et
480 3415 612 3456 severos
629 3399 664 3455 et
680 3390 900 3454 conscientiae
916 3390 1097 3454 terroribus
1109 3388 1269 3453 contritos
1280 3387 1392 3464 fuisse,

171 3682 181 3713 ¹
201 3684 278 3744 Quod
303 3687 372 3733 enim
395 3685 427 3745 J„
448 3683 570 3734 Grimm
595 3685 626 3732 de
650 3682 778 3732 Germana
802 3684 952 3746 antiquitate
977 3683 1041 3731 dixit
1067 3683 1204 3745 (Dectrche
1228 3680 1392 3745 Mytholoqie,

101 3768 129 3834 [3
147 3773 232 3833 Assy.
261 3773 397 3834 Gottinpea
424 3769 500 3834 1854]
526 3770 550 3828 I,
568 3786 597 3833 p.
618 3767 694 3831 vm:
722 3770 778 3817 Mir
804 3770 950 3818 widersteht
976 3770 1018 3818 die
1044 3768 1180 3835 hoffdrtipe
1206 3766 1318 3822 mercar,
1346 3767 1394 3814 dos

101 3856 172 3905 leben
200 3856 298 3920 ponaer
326 3858 508 3905 iahrmderte
536 3856 573 3903 rei
602 3855 797 3917 durchdranpen
820 3870 931 3917 peweseu
960 3870 1009 3902 coa
1035 3854 1164 3917 dempser,
1181 3851 1394 3919 ,amersreoeader

100 3942 231 3999 tartarei,
255 3942 324 3989 idem
349 3940 486 3989 dicendum
509 3940 541 3987 de
567 3938 744 3997 vetustissimis
764 3936 878 3987 Graecis.
916 3937 968 3997 Qui
992 3944 1079 3987 autem
1101 3937 1169 4000 apud
1192 3949 1280 3984 omnes
1303 3943 1392 3998 gentes

101 4026 180 4076 fuerit
204 4027 267 4075 ordo
286 4033 311 4074 et
334 4040 470 4088 processus
489 4031 515 4074 et
532 4023 719 4072 consummatio
744 4023 832 4085 epicae
856 4023 975 4085 poeseos,
1000 4023 1097 4084 optima
1120 4021 1182 4069 mihi
1205 4021 1305 4070 videtur
1326 4021 1392 4068 indi-

102 4126 176 4161 casse
196 4111 371 4170 Steinthal‚
387 4111 514 4159 ,Zeitsrha
527 4111 580 4175 fiir
603 4109 856 4173 Volkerpsyeholoyie
879 4107 908 4166 V,
928 4107 994 4170 qu'.
1251 4102 1255 4111 '

170 4193 263 4260 ⁹Apl.
280 4213 309 4260 p.
330 4201 430 4259 aaarq.
938 4219 942 4228 ·

172 4278 183 4310 ⁸
202 4280 350 4330 Gerhard
369 4281 400 4346 (l.
420 4298 443 4330 a.
458 4298 489 4344 p.
508 4281 553 4343 46)
577 4279 675 4328 Pierios
694 4278 808 4326 Thraces
824 4277 911 4335 habet,
936 4275 968 4325 0.
988 4276 1127 4327 Mueller
1146 4277 1262 4340 (Proley.
1279 4293 1307 4339 p.
1328 4272 1390 4336 220)

103 4366 228 4417 Graecos.
759 4357 765 4371 '
