2986 4800
183 505 247 568 His
268 505 318 568 ita
339 504 497 588 expositis
513 505 577 568 iam
600 506 695 569 nobis
718 507 876 571 nonnulla
898 503 938 571 de
962 508 1082 570 veteris
1100 507 1265 591 Orphicae
1281 509 1387 573 'Pheo-

98 626 218 711 goniae
238 632 373 689 auctore
389 633 424 688 et
445 625 555 689 indole
572 626 731 710 suspicari
752 624 879 691 licebit.
918 626 1016 690 Quod
1037 626 1140 710 igitur
1156 628 1198 691 ad
1219 635 1389 692 auctorem

99 747 237 824 attinet,
271 744 401 808 facilius
426 744 602 808 dicendum
627 745 705 824 erit,
738 746 810 830 quis
835 769 902 810 non
926 746 1026 809 fuerit
1056 770 1153 830 quam
1178 746 1250 831 quis
1275 747 1385 811 luerit.

100 865 352 930 Onomacritum
368 864 481 942 fuisse,
500 887 540 957 er
560 865 598 928 iis
616 887 697 948 quae
712 867 810 930 modo
827 866 896 928 dixi
911 890 978 930 non
992 866 1169 930 verisimile
1181 875 1243 930 est.
1272 867 1390 950 Zagrei

98 985 184 1048 enim
201 984 318 1048 fabula
337 1006 377 1046 ex
393 984 585 1068 Theogonia
607 986 761 1067 adempta
784 1008 857 1050 cum
879 987 1008 1050 nullum
1024 996 1173 1051 veterum
1193 986 1389 1071 scriptorum

99 1102 331 1168 testimonium
353 1111 474 1181 exstet,
500 1127 563 1186 quo
580 1104 704 1187 aliquid
726 1105 999 1169 neccessitudinis
1021 1105 1108 1169 inter
1123 1109 1185 1169 hoc
1209 1128 1341 1169 carmen
1357 1114 1391 1168 et

98 1223 195 1286 illum
212 1230 344 1307 poetam
362 1222 587 1287 intercessisse
605 1226 792 1307 probetur,¹
815 1247 905 1288 mera
921 1224 983 1288 erit
998 1224 1113 1304 libide,
1138 1226 1165 1288 si
1182 1225 1253 1308 quis
1270 1225 1390 1289 nihilo-

100 1343 209 1407 minus
245 1365 320 1406 eum
350 1343 382 1407 id
420 1343 589 1428 scripsisse
620 1343 845 1407 affirmaverit.
891 1344 963 1407 Nec
994 1345 1116 1408 maiore
1152 1345 1221 1407 iure
1252 1343 1391 1426 Cercopi

101 1462 246 1540 Milesio,
271 1484 367 1545 quem
390 1463 615 1526 Gerhardus
638 1464 798 1547 collegam
818 1463 1024 1527 Onomacriti
1045 1464 1181 1528 reddere
1203 1463 1340 1541 voluit,²
1362 1463 1389 1525 is

104 1583 209 1645 honos
230 1581 448 1646 vindicandus
470 1590 532 1645 est.
571 1582 611 1646 Id
635 1584 721 1666 quod
744 1584 851 1648 eidem
868 1583 935 1646 viro
959 1584 1151 1647 doctissimo
1169 1584 1300 1648 videtur
1320 1583 1390 1666 pla·

103 1701 221 1765 cuisse.
269 1702 361 1765 Dicit
386 1701 472 1766 enim
497 1702 531 1765 in
555 1703 788 1767 dissertatione
813 1705 853 1767 de
879 1705 1012 1788 Orpheo
1038 1729 1070 1788 p.
1096 1708 1134 1769 76
1156 1704 1200 1766 Ν.
1226 1706 1298 1781 167,
1324 1724 1391 1766 non

102 1821 212 1884 solum
223 1821 428 1885 Clementem
442 1830 476 1886 et
487 1821 632 1901 suidam,
651 1822 818 1887 sedetiam
831 1823 1024 1887 Ciceronem
1035 1824 1214 1907 Cercopem
1226 1823 1390 1907 Orphicae

101 1940 295 2024 theologiae
325 1950 493 2005 auctorem
518 1942 684 2004 habuisse.
733 1943 847 2005 Cicero
876 1942 934 2005 illo
963 1944 1037 2006 loco
1062 1945 1159 2006 modo
1189 1944 1324 2007 laudato
1350 1942 1391 2005 de

101 2060 145 2123 N.
169 2061 214 2123 D.
239 2060 267 2138 I,
292 2064 343 2139 38,
368 2065 427 2125 107
452 2070 528 2145 post
549 2063 664 2124 verba:
696 2062 891 2150 „Orpheum
914 2070 1047 2145 poetam
1069 2062 1168 2124 docet
1190 2061 1391 2124 Aristoteles

101 2203 282 2262 numquam
294 2180 422 2243 fuisse“
436 2180 544 2244 addit:
561 2182 633 2258 „Et
648 2182 711 2243 hoc
720 2180 901 2264 Orphicum
919 2202 1049 2243 carmen
1061 2179 1264 2262 Pythagorei
1279 2178 1391 2242 ferunt

102 2300 277 2383 cujusdam
301 2299 403 2362 fuisse
425 2301 621 2384 Cercopis.“
665 2299 762 2363 Quod
788 2299 889 2363 fuerit
913 2301 975 2362 hoc
998 2298 1177 2382 Orphicum
1204 2320 1333 2362 carmen
1356 2305 1390 2361 et

101 2441 120 2481 a
146 2441 212 2502 quo
241 2418 348 2503 primo
374 2419 513 2504 Cercopi
537 2422 749 2504 Pythagoreo
781 2419 984 2501 adscriptum
1008 2417 1067 2495 sit,
1100 2426 1211 2481 narrat
1235 2419 1390 2482 Clemens

103 2539 202 2602 Alex·
214 2540 243 2600 :⁸
262 2544 403 2627 Ἐπιγένης
423 2549 450 2608 ἐν
464 2553 517 2614 τοῖς
537 2549 663 2626 περὶτῆς
684 2546 722 2612 εἰς
733 2544 836 2624 Ὀρρέα
856 2547 990 2624 ποιήσεως
1005 2545 1155 2623 Κέρκωπος
1176 2546 1239 2607 εἶναι
1254 2548 1324 2624 λέγει
1343 2551 1391 2607 τοῦ

102 2666 288 2745 Πυθαγορείου
307 2668 356 2744 τὴν
375 2667 410 2734 εἰς
425 2665 513 2727 Ἅιδου
529 2667 675 2742 κατάβασιν
690 2665 734 2724 καὶ
748 2664 792 2722 τὸν
807 2663 875 2740 ἱερὸν
891 2665 974 2740 λόγον.
1009 2657 1054 2717 Et
1070 2655 1222 2720 similiter
1235 2657 1390 2722 Suidas:⁴

97 2784 206 2865 Ἱεροὺς,
224 2787 325 2863 λόγους,
350 2788 376 2846 ἐν
397 2785 543 2865 ῥαψῳδίαις
563 2784 612 2844 κδ’·
634 2785 750 2859 λέγονται
771 2784 801 2841 δὲ
823 2781 886 2842 εἶναι
906 2781 1054 2861 Θεογνήτου
1075 2789 1123 2845 τοῦ
1145 2783 1296 2857 Θεσσαλοῦ,
1316 2787 1342 2845 οἱ
1362 2788 1393 2846 δὲ

173 2966 308 3018 ¹Praeter
326 2984 364 3030 ea,
386 2983 451 3030 quae
469 2969 496 3016 in
513 2965 677 3029 praecedenti
696 2964 858 3027 paragrapho
880 2965 997 3027 apposui,
1023 2964 1132 3014 fortasse
1153 2965 1392 3014 commemorandus

103 3063 143 3103 est
162 3053 239 3103 Sexti
257 3054 381 3117 Empirici
405 3054 478 3103 locus
496 3054 590 3118 Pyrrh.
610 3052 707 3117 Hypsi.
725 3052 781 3109 III,
800 3056 833 3099 3⁰
852 3057 878 3098 et
895 3052 963 3099 Ado.
983 3052 1105 3100 Mathoni.
1125 3052 1176 3109 ΙΧ,
1194 3056 1257 3099 361:
1281 3043 1391 3117 Ὀνομά-

102 3157 188 3209 ιιριτος
206 3139 233 3190 ἐν
251 3145 305 3196 τοῖς
321 3133 451 3208 Ὀρφικοῖς
475 3141 524 3202 πῦρ
548 3136 592 3188 ιιοιὶ
612 3133 680 3206 ὕδωρ
702 3135 747 3186 acl
769 3141 817 3204 γῆν
843 3135 909 3189 (scil.
930 3132 986 3184 εἶπε
1004 3143 1055 3186 τῶν
1070 3120 1182 3187 ’πάντων
1201 3132 1266 3187 εἶναι
1284 3135 1390 3207 ἀρχήν).

104 3224 156 3274 Sed
180 3225 246 3273 haec
270 3239 353 3287 neque
376 3226 407 3272 ad
432 3223 594 3286 Rhapsodias
622 3236 705 3283 neque
728 3222 759 3268 ad
784 3228 895 3268 veterem
919 3220 1109 3284 Theogoniam,
1137 3222 1181 3271 ubi
1205 3223 1391 3284 Nox„Terra‚
1424 3235 1428 3241 ·

104 3309 203 3358 Coclus
223 3309 254 3356 ab
278 3310 352 3357 initio
370 3309 447 3372 positi
473 3309 531 3368 sint,
557 3308 646 3356 referri
670 3320 747 3369 posse
771 3306 938 3375 manifestum
954 3314 1010 3363 est.¹
1036 3308 1061 3354 A
1079 3307 1237 3357 Fabricio
1261 3310 1393 3372 aptissime
1437 3289 1447 3302 '¹

102 3404 294 3460 componuntur
315 3411 403 3445 versus
428 3411 444 3444 a
468 3394 601 3444 Clemente
623 3394 666 3443 Al.
692 3395 800 3458 (strom.
831 3388 893 3452 VII,
919 3397 967 3442 746
985 3392 1069 3455 Part.)
1097 3393 1147 3441 sub'
1169 3382 1274 3457 Orphei
1289 3394 1412 3459 nomine·
1489 3386 1492 3393 ’

103 3482 217 3530 laudati:
1095 3499 1098 3505 >
1286 3468 1289 3473 ⁹
1339 3467 1341 3472 ¹
1389 3491 1394 3500 ·
1460 3463 1483 3481 ”

348 3561 437 3617 Ἔστιν
455 3563 509 3616 iiber
512 3565 626 3637 ρψυχῐ,
647 3563 719 3636 ψυχὴ
740 3560 759 3614 δ’
779 3561 912 3615 ὑδάτεσσιν
931 3563 1036 3632 ἀμοιβή,

356 3651 424 3705 ἐιιδ
445 3651 536 3709 υδατος
554 3653 601 3719 μὲν
620 3655 723 3721 γαῖα,
710 3648 778 3702 rie
799 3651 829 3703 ἐιι
847 3649 923 3720 γοιὶης
940 3647 1047 3702 calist
1035 3650 1112 3719 υὸωρ,

356 3738 386 3790 ἐιι
402 3737 481 3790 roob
484 3737 589 3810 ὲψυχὴ
609 3737 668 3789 ὁδὸν
686 3733 789 3808 αἰθέρος
807 3735 969 3787 ἀλλασσουσα

101 3827 150 3891 (cl.
171 3827 235 3890 Δρῑ.
251 3844 281 3891 p.
303 3825 374 3888 948).
411 3823 532 3874 Ceterum
556 3825 603 3872 hos
628 3838 715 3873 versus
739 3838 791 3871 non
811 3838 843 3871 ex
861 3823 1016 3886 Rhapsodiis
1039 3822 1129 3869 ductos
1147 3833 1213 3877 esse,
1232 3818 1310 3867 etiam
1327 3790 1423 3882 frag·

101 3919 192 3961 mente
215 3912 359 3974 probante
376 3911 447 3973 Majo
466 3925 499 3959 ex
522 3909 625 3958 Proculi
644 3907 745 3957 Comm.
771 3909 803 3957 ad
826 3909 890 3957 Plat.
911 3909 975 3970 Rep.
994 3906 1019 3954 X
1041 3920 1122 3967 nuper
1145 3904 1214 3952 edita
1236 3903 1282 3967 (cf.
1301 3907 1392 3956 Recio.

101 3999 176 4048 Μιιι.
197 3998 232 4046 Ν.
253 3999 295 4055 Ε,
314 3996 365 4054 IV,
383 4000 432 4044 389
446 3996 507 4060 ιρ.,)
533 3996 577 4044 ubi
599 3995 664 4043 nihil
688 3996 719 4043 de
737 3995 782 4042 illa
800 3993 895 4064 ἀμοιβῇ
919 3993 985 4041 inter
1002 3992 1114 4039 animam
1132 3997 1157 4039 et
1176 4004 1270 4053 aquam
1287 3993 1394 4042 interce·
1471 4060 1475 4067 Ι

104 4084 178 4133 denti
196 4066 300 4145 legitur

173 4165 246 4216 ²Cf.
267 4169 286 4216 l.
306 4185 328 4217 c
350 4169 384 4217 N
408 4172 469 4227 1563
487 4168 592 4216 aberd.
614 4167 677 4217 Hes.
699 4168 791 4231 Theop.
812 4166 846 4214 N.
867 4169 949 4227 29sq.

174 4252 302 4304 3ὁόιιοιιι.
322 4255 346 4312 Ι,
366 4259 396 4302 21
413 4272 443 4318 ρ.
463 4257 511 4302 397
531 4255 602 4302 Pon

174 4338 235 4389 ⁴8.
256 4356 280 4388 υ.
298 4332 416 4408 Ὀρφεύς.
