2986 4800
724 232 765 293 95

96 432 253 515 origenes
270 430 449 494 narrandae
466 437 570 508 erant,
588 431 687 494 etiam
703 433 806 517 prima
822 431 982 516 principia
997 433 1031 495 in
1044 433 1194 496 homines
1209 439 1337 496 mut-ata
1352 439 1386 495 ct

98 552 179 615 bina
196 551 379 614 constituta
396 557 484 613 sunt.
517 550 612 613 Unde
628 551 751 614 sactum
769 559 867 635 puto,
890 559 926 614 ut
943 552 1129 636 ubicunque
1149 552 1278 637 proprie
1298 552 1386 614 filius

98 678 229 754 patrem
252 677 386 733 secutus
407 669 465 747 sit,
487 692 574 733 nunc
595 671 815 734 masculorum
834 695 893 755 par
915 679 1066 735 occurrat
1080 694 1147 734 non
1167 671 1275 734 minus
1298 693 1336 734 ac
1358 671 1386 733 si

98 790 272 872 utriusque
289 812 386 852 sexus
403 796 492 853 esset
506 789 629 852 liberos
643 789 783 873 pariens.
811 791 920 853 Ovum
935 799 1046 854 autem
1061 812 1101 854 ex
1115 790 1276 874 ejusmodi
1290 789 1385 854 fabu-

100 911 247 973 losorum
263 909 433 972 hominum
449 909 531 972 serie
547 909 732 972 necessario
751 917 821 972 erat
837 910 1067 974 eradendum.¹
1095 911 1212 992 Neque
1228 909 1263 972 id
1278 909 1385 972 solum

102 1029 289 1113 exemplum
314 1035 382 1106 est,
409 1052 472 1110 quo
496 1029 680 1091 Phoenices
705 1029 918 1093 multifariam
944 1029 1062 1093 lusisse
1087 1029 1121 1092 in
1146 1027 1385 1112 cosmogcnicis

103 1147 269 1232 principiis
291 1147 486 1210 adornandis
507 1149 676 1232 probatur.
713 1148 857 1211 Maxime
878 1157 990 1212 autem
1011 1149 1202 1232 gaudebant
1221 1147 1386 1232 populari-

104 1269 162 1330 bus
178 1267 242 1331 diis
258 1267 511 1351 transponendis
528 1290 568 1330 ex
586 1267 793 1351 mythologie
807 1268 842 1330 in
859 1267 1104 1351 cosmogoniam
1121 1275 1155 1330 et
1173 1267 1262 1330 notis
1281 1266 1385 1330 nomi·

106 1387 196 1450 nibus
214 1386 434 1469 subrogandis
450 1386 483 1450 in
500 1388 609 1449 locum
627 1386 769 1464 illorum,
784 1409 866 1469 quae
882 1388 980 1450 modo
996 1386 1279 1469 perlustravimus,
1295 1385 1385 1469 cogi·

105 1507 228 1569 tatione
245 1512 377 1568 tantum
396 1507 560 1570 fictorum.
593 1507 648 1569 Ita
668 1507 701 1570 in
718 1507 912 1590 Bybliorum
931 1506 1131 1588 theogoniae
1148 1513 1257 1574 Ἐλιοῦν
1277 1500 1384 1598 (tl'lgg)

105 1627 142 1688 ab
167 1626 263 1689 initio
289 1625 422 1708 ponitur
447 1632 481 1688 et
506 1626 624 1689 deinde
645 1632 719 1700 ''llor
742 1622 805 1708 (Sp)
830 1626 884 1688 vel
909 1634 1011 1712 Κρόνος
1035 1625 1157 1688 Chroni
1182 1625 1236 1687 vel
1261 1624 1385 1687 Aeonis

105 1753 212 1827 partes
229 1744 413 1828 suscepisse
429 1745 570 1808 videtur.
595 1746 636 1808 ld
649 1745 736 1828 quod
747 1768 785 1808 ex
798 1745 934 1808 mirifica
944 1746 1014 1828 ejus
1025 1744 1151 1829 specie²
1164 1743 1298 1827 colligo,
1311 1766 1385 1806 cum

104 1862 149 1927 illi
165 1873 308 1948 quatuor
324 1863 411 1927 oculi
428 1871 462 1927 et
477 1865 548 1927 alae
565 1865 653 1927 haud
669 1865 826 1928 inscitum
841 1865 1000 1947 temporis
1021 1863 1212 1947 sempiterni
1232 1864 1329 1925 simul
1351 1869 1385 1926 et

104 1983 178 2047 fluxi
189 1984 377 2067 symbolum
389 1983 466 2046 sint.
496 1985 637 2046 Mochus
648 1991 760 2046 autem
770 1991 846 2068 post
856 1985 1013 2046 Ulcmum
1029 1984 1130 2046 alium
1147 1982 1261 2045 inserit
1274 1983 1383 2059 deum,

102 2124 198 2187 quem
219 2126 326 2186 neque
348 2126 423 2167 cum
443 2107 556 2166 Aeone
578 2125 684 2186 neque
706 2125 780 2166 cum
800 2104 990 2185 Protcgono
1013 2102 1267 2185 comparandum
1290 2109 1382 2185 puto.

100 2221 257 2287 Ulcmum
275 2223 361 2287 enim
378 2223 459 2286 dicit
473 2227 615 2307 primum
630 2223 784 2305 genuisse
799 2231 947 2308 Xonemptv
962 2231 1065 2307 ἀνοιγέα
1081 2230 1115 2284 et
1130 2221 1247 2284 deinde
1263 2221 1383 2284 Ovum.

101 2343 245 2407 Videtur
260 2342 363 2426 igitur
379 2343 560 2406 secundum
581 2344 667 2405 hanc
686 2341 881 2405 relationem
898 2343 1005 2404 Ovum
1028 2342 1229 2404 mundanum
1249 2363 1315 2403 non
1336 2339 1384 2403 in·

94 2463 253 2528 cubando
271 2470 306 2526 et
322 2463 463 2526 fovendo
485 2463 672 2539 exclusum,
697 2463 755 2525 sed
776 2461 947 2544 cujusdem
968 2461 1136 2525 daemonis
1157 2461 1283 2524 artibus
1305 2459 1385 2523 divi·

98 2606 176 2647 sum
190 2584 294 2646 esse.³
328 2583 365 2645 ld
385 2582 473 2665 quod
493 2581 598 2665 magis
616 2580 859 2665 Aegyptiorum
880 2603 977 2662 quam
993 2581 1196 2644 Phoenicum
1217 2579 1385 2662 opiniones

97 2703 242 2767 redolet.
275 2701 437 2786 Aegyptii
449 2701 539 2765 enim
555 2724 621 2764 nou
637 2700 724 2764 sieut
739 2699 921 2762 Phoenices
938 2700 1095 2762 mundum
1113 2706 1306 2782 generatum
1328 2699 1386 2761 sed

97 2822 212 2907 potius
235 2821 398 2905 demiurgi
419 2822 569 2885 manibus
592 2820 718 2883 factum
741 2826 774 2882 et
799 2818 1007 2900 exsculptum
1032 2819 1229 2882 ducebant*
1267 2819 1385 2900 Neque

170 3027 180 3056 ¹
199 3029 265 3078 Puto
285 3029 363 3093 igitur
380 3029 429 3078 hoc
448 3036 556 3077 stemma
573 3028 676 3092 proprie
695 3028 761 3075 hanc
779 3026 901 3075 habuisse
919 3025 1041 3074 formam:

317 3117 412 3179 Kolpia
431 3124 520 3165 ventus
863 3113 936 3160 Baau
956 3105 1035 3176 (etth)

319 3201 355 3266 [h.
376 3217 398 3250 e.
418 3206 518 3267 πνεῦμα
538 3200 668 3250 Sanchun.
860 3197 923 3261 [νύξ
943 3197 1016 3268 χάος,
1036 3197 1096 3268 ἀήρ,
1117 3194 1226 3268 ὀμίχλη]

318 3296 343 3335 et
362 3283 453 3354 ἄνεμος
471 3286 569 3353 Mochi]

360 3353 970 3437 Ὺ

490 3474 616 3539 [Ulcmos,
636 3470 713 3532 Μώτ,
734 3471 839 3544 Χρόνος]

607 3677 714 3743 [Ovum]

591 3883 751 3946 Protogenes

635 3968 696 4033 [sol]

171 4055 181 4087 ²
202 4060 329 4110 Smerden.
347 4077 375 4124 p.
396 4063 437 4108 38.
564 4125 569 4128 ἡ
965 4124 968 4129 “

172 4141 287 4193 ³Etiam
305 4146 492 4208 Aegyptiorum
516 4141 690 4206 Hephaestum
715 4139 801 4209 (Ptah)
826 4139 893 4190 Solis
919 4139 981 4206 (Ra)
1006 4140 1185 4204 genitorem
1209 4144 1310 4207 proprie
1334 4158 1386 4191 nou

102 4231 196 4291 fuisse,
223 4230 333 4279 affirmat
354 4231 500 4294 Lepsius,
538 4231 617 4279 Ueber
641 4231 689 4278 den
711 4235 794 4279 ersten
817 4230 1003 4292 Aeyypteehen
1030 4231 1191 4280 Gdtterlcreie
1215 4229 1292 4293 (Ati.
1311 4231 1338 4278 d.
1357 4229 1383 4278 lc.

103 4319 191 4366 Alcad.
212 4318 239 4365 d.
265 4317 303 4365 W.
323 4335 353 4366 zu
370 4317 464 4366 Berlin
484 4316 570 4380 1851),
585 4333 614 4379 p.
639 4320 694 4374 190,
717 4320 773 4363 196.

171 4400 334 4464 ⁴Perpauca
363 4404 394 4450 de
423 4402 606 4466 Aegyptiorum
636 4399 775 4463 theogonia
804 4408 829 4450 et
858 4400 1027 4463 cosmogonia
1056 4401 1158 4463 cognita
1186 4401 1311 4448 hebemus
1339 4400 1384 4461 (cf.
