<?xml version="1.0" encoding="UTF-8"?>
<!DOCTYPE html PUBLIC "-//W3C//DTD XHTML 1.0 Transitional//EN"
    "http://www.w3.org/TR/xhtml1/DTD/xhtml1-transitional.dtd">
<html xmlns="http://www.w3.org/1999/xhtml" xml:lang="en" lang="en">
 <head>
  <title>
</title>
<meta http-equiv="Content-Type" content="text/html;charset=utf-8" />
  <meta name='ocr-system' content='tesseract 3.04.00' />
  <meta name='ocr-capabilities' content='ocr_page ocr_carea ocr_par ocr_line ocrx_word'/>
</head>
<body>
  <div class='ocr_page' id='page_1' title='image "./deveterisorphic00schugoog_0073.png"; bbox 0 0 2986 4800; ppageno 0'>
   <div class='ocr_carea' id='block_1_1' title="bbox 725 131 848 277">
    <p class='ocr_par' dir='ltr' id='par_1_1' title="bbox 725 131 848 277">
     <span class='ocr_line' id='line_1_1' title="bbox 725 131 848 277; baseline -0.008 -34"><span class='ocrx_word' id='word_1_1' title='bbox 725 183 765 243; x_wconf 73' lang='lat' dir='ltr'><strong>aa</strong></span> <span class='ocrx_word' id='word_1_2' title='bbox 821 131 848 277; x_wconf 26' lang='lat' dir='ltr'>J</span> 
     </span>
    </p>
   </div>
   <div class='ocr_carea' id='block_1_2' title="bbox 100 381 1429 3335">
    <p class='ocr_par' dir='ltr' id='par_1_2' title="bbox 100 381 1429 3335">
     <span class='ocr_line' id='line_1_2' title="bbox 100 381 1384 472; baseline -0.005 -20"><span class='ocrx_word' id='word_1_3' title='bbox 100 397 292 472; x_wconf 87' lang='lat' dir='ltr'><strong>propterea,</strong></span> <span class='ocrx_word' id='word_1_4' title='bbox 319 387 406 470; x_wconf 88' lang='lat' dir='ltr'><strong>quod</strong></span> <span class='ocrx_word' id='word_1_5' title='bbox 427 389 600 470; x_wconf 80' lang='lat' dir='ltr'><strong>Pangaeus</strong></span> <span class='ocrx_word' id='word_1_6' title='bbox 622 407 717 448; x_wconf 88' lang='lat' dir='ltr'><strong>mons</strong></span> <span class='ocrx_word' id='word_1_7' title='bbox 740 408 799 469; x_wconf 90' lang='lat' dir='ltr'><strong>pro</strong></span> <span class='ocrx_word' id='word_1_8' title='bbox 822 384 934 461; x_wconf 89' lang='lat' dir='ltr'><strong>Piero,</strong></span> <span class='ocrx_word' id='word_1_9' title='bbox 959 382 1017 446; x_wconf 92' lang='lat' dir='ltr'><strong>ubi</strong></span> <span class='ocrx_word' id='word_1_10' title='bbox 1042 383 1195 466; x_wconf 88' lang='lat' dir='ltr'><strong>Orpheus</strong></span> <span class='ocrx_word' id='word_1_11' title='bbox 1219 381 1384 446; x_wconf 74' lang='lat' dir='ltr'><strong>habitasse</strong></span> 
     </span>
     <span class='ocr_line' id='line_1_3' title="bbox 101 500 1384 592; baseline -0.005 -22"><span class='ocrx_word' id='word_1_12' title='bbox 101 509 294 592; x_wconf 91' lang='lat' dir='ltr'><strong>plerumque</strong></span> <span class='ocrx_word' id='word_1_13' title='bbox 320 506 478 584; x_wconf 74' lang='lat' dir='ltr'><strong>traditur,</strong></span> <span class='ocrx_word' id='word_1_14' title='bbox 505 507 546 569; x_wconf 88' lang='lat' dir='ltr'><strong>ab</strong></span> <span class='ocrx_word' id='word_1_15' title='bbox 568 506 792 569; x_wconf 66' lang='lat' dir='ltr'>Eratosthene</span> <span class='ocrx_word' id='word_1_16' title='bbox 817 509 1109 580; x_wconf 74' lang='lat' dir='ltr'><strong>commemoratur,</strong></span> <span class='ocrx_word' id='word_1_17' title='bbox 1134 509 1248 565; x_wconf 89' lang='lat' dir='ltr'><strong>tamen</strong></span> <span class='ocrx_word' id='word_1_18' title='bbox 1273 522 1314 564; x_wconf 82' lang='lat' dir='ltr'><strong>ex</strong></span> <span class='ocrx_word' id='word_1_19' title='bbox 1336 500 1384 579; x_wconf 90' lang='lat' dir='ltr'><strong>iis,</strong></span> 
     </span>
     <span class='ocr_line' id='line_1_4' title="bbox 103 620 1385 711; baseline -0.005 -21"><span class='ocrx_word' id='word_1_20' title='bbox 103 649 186 711; x_wconf 88' lang='lat' dir='ltr'><strong>quae</strong></span> <span class='ocrx_word' id='word_1_21' title='bbox 206 627 303 690; x_wconf 89' lang='lat' dir='ltr'><strong>modo</strong></span> <span class='ocrx_word' id='word_1_22' title='bbox 323 626 463 689; x_wconf 90' lang='lat' dir='ltr'><strong>disserui</strong></span> <span class='ocrx_word' id='word_1_23' title='bbox 485 626 525 689; x_wconf 89' lang='lat' dir='ltr'><strong>de</strong></span> <span class='ocrx_word' id='word_1_24' title='bbox 548 624 777 708; x_wconf 88' lang='lat' dir='ltr'><strong>antiquissima</strong></span> <span class='ocrx_word' id='word_1_25' title='bbox 792 624 956 687; x_wconf 79' lang='lat' dir='ltr'><strong>Thracum</strong></span> <span class='ocrx_word' id='word_1_26' title='bbox 976 621 1154 705; x_wconf 81' lang='lat' dir='ltr'><strong>religione,</strong></span> <span class='ocrx_word' id='word_1_27' title='bbox 1177 642 1286 704; x_wconf 92' lang='lat' dir='ltr'><strong>neque</strong></span> <span class='ocrx_word' id='word_1_28' title='bbox 1306 620 1385 684; x_wconf 84' lang='lat' dir='ltr'><strong>veri·</strong></span> 
     </span>
     <span class='ocr_line' id='line_1_5' title="bbox 102 740 1385 829; baseline -0.005 -20"><span class='ocrx_word' id='word_1_29' title='bbox 102 745 261 810; x_wconf 84' lang='lat' dir='ltr'><strong>dissimile</strong></span> <span class='ocrx_word' id='word_1_30' title='bbox 286 752 354 824; x_wconf 87' lang='lat' dir='ltr'><strong>est,</strong></span> <span class='ocrx_word' id='word_1_31' title='bbox 386 746 556 829; x_wconf 88' lang='lat' dir='ltr'><strong>Orpheum</strong></span> <span class='ocrx_word' id='word_1_32' title='bbox 582 745 774 829; x_wconf 89' lang='lat' dir='ltr'><strong>Apollinem</strong></span> <span class='ocrx_word' id='word_1_33' title='bbox 799 742 955 820; x_wconf 87' lang='lat' dir='ltr'><strong>coluisse,</strong></span> <span class='ocrx_word' id='word_1_34' title='bbox 988 749 1022 804; x_wconf 85' lang='lat' dir='ltr'><strong>et</strong></span> <span class='ocrx_word' id='word_1_35' title='bbox 1046 740 1125 820; x_wconf 89' lang='lat' dir='ltr'><strong>alia,</strong></span> <span class='ocrx_word' id='word_1_36' title='bbox 1152 762 1236 824; x_wconf 86' lang='lat' dir='ltr'><strong>quae</strong></span> <span class='ocrx_word' id='word_1_37' title='bbox 1261 747 1385 804; x_wconf 87' lang='lat' dir='ltr'><strong>veteres</strong></span> 
     </span>
     <span class='ocr_line' id='line_1_6' title="bbox 101 863 1385 947; baseline -0.005 -18"><span class='ocrx_word' id='word_1_38' title='bbox 101 873 255 930; x_wconf 74' lang='lat' dir='ltr'><strong>auctores</strong></span> <span class='ocrx_word' id='word_1_39' title='bbox 275 866 317 929; x_wconf 84' lang='lat' dir='ltr'><strong>de</strong></span> <span class='ocrx_word' id='word_1_40' title='bbox 334 865 468 947; x_wconf 91' lang='lat' dir='ltr'><strong>Orpheo</strong></span> <span class='ocrx_word' id='word_1_41' title='bbox 488 864 642 942; x_wconf 87' lang='lat' dir='ltr'><strong>tradunt,</strong></span> <span class='ocrx_word' id='word_1_42' title='bbox 666 885 738 927; x_wconf 89' lang='lat' dir='ltr'><strong>eam</strong></span> <span class='ocrx_word' id='word_1_43' title='bbox 761 863 957 926; x_wconf 87' lang='lat' dir='ltr'><strong>confirmant</strong></span> <span class='ocrx_word' id='word_1_44' title='bbox 973 863 1208 944; x_wconf 86' lang='lat' dir='ltr'><strong>conjecturam.</strong></span> <span class='ocrx_word' id='word_1_45' title='bbox 1256 863 1287 926; x_wconf 90' lang='lat' dir='ltr'>A</span> <span class='ocrx_word' id='word_1_46' title='bbox 1310 882 1385 923; x_wconf 93' lang='lat' dir='ltr'><strong>non·</strong></span> 
     </span>
     <span class='ocr_line' id='line_1_7' title="bbox 102 980 1385 1068; baseline -0.005 -20"><span class='ocrx_word' id='word_1_47' title='bbox 102 985 203 1049; x_wconf 93' lang='lat' dir='ltr'><strong>nullis</strong></span> <span class='ocrx_word' id='word_1_48' title='bbox 226 984 313 1048; x_wconf 93' lang='lat' dir='ltr'><strong>enim</strong></span> <span class='ocrx_word' id='word_1_49' title='bbox 334 983 502 1068; x_wconf 91' lang='lat' dir='ltr'><strong>Apollinis</strong></span> <span class='ocrx_word' id='word_1_50' title='bbox 524 983 612 1046; x_wconf 89' lang='lat' dir='ltr'><strong>filius</strong></span> <span class='ocrx_word' id='word_1_51' title='bbox 633 988 786 1060; x_wconf 92' lang='lat' dir='ltr'><strong>vocatur,</strong></span> <span class='ocrx_word' id='word_1_52' title='bbox 812 983 853 1045; x_wconf 90' lang='lat' dir='ltr'><strong>ab</strong></span> <span class='ocrx_word' id='word_1_53' title='bbox 876 981 949 1045; x_wconf 89' lang='lat' dir='ltr'><strong>aliis</strong></span> <span class='ocrx_word' id='word_1_54' title='bbox 971 980 1199 1058; x_wconf 88' lang='lat' dir='ltr'><strong>citharoedus,</strong></span> <span class='ocrx_word' id='word_1_55' title='bbox 1221 986 1385 1063; x_wconf 90' lang='lat' dir='ltr'><strong>postremo</strong></span> 
     </span>
     <span class='ocr_line' id='line_1_8' title="bbox 101 1097 1385 1187; baseline -0.003 -19"><span class='ocrx_word' id='word_1_56' title='bbox 101 1113 221 1169; x_wconf 89' lang='lat' dir='ltr'><strong>natura</strong></span> <span class='ocrx_word' id='word_1_57' title='bbox 237 1104 306 1186; x_wconf 90' lang='lat' dir='ltr'><strong>ejus</strong></span> <span class='ocrx_word' id='word_1_58' title='bbox 322 1110 422 1186; x_wconf 87' lang='lat' dir='ltr'><strong>atque</strong></span> <span class='ocrx_word' id='word_1_59' title='bbox 437 1103 607 1187; x_wconf 85' lang='lat' dir='ltr'><strong>ingenium</strong></span> <span class='ocrx_word' id='word_1_60' title='bbox 623 1123 772 1166; x_wconf 82' lang='lat' dir='ltr'><strong>severum</strong></span> <span class='ocrx_word' id='word_1_61' title='bbox 789 1109 823 1164; x_wconf 88' lang='lat' dir='ltr'><strong>et</strong></span> <span class='ocrx_word' id='word_1_62' title='bbox 838 1101 994 1184; x_wconf 86' lang='lat' dir='ltr'><strong>pudicum</strong></span> <span class='ocrx_word' id='word_1_63' title='bbox 1009 1101 1115 1184; x_wconf 90' lang='lat' dir='ltr'><strong>magis</strong></span> <span class='ocrx_word' id='word_1_64' title='bbox 1132 1122 1207 1163; x_wconf 87' lang='lat' dir='ltr'><strong>eum</strong></span> <span class='ocrx_word' id='word_1_65' title='bbox 1223 1097 1385 1182; x_wconf 83' lang='lat' dir='ltr'><strong>Apollinis</strong></span> 
     </span>
     <span class='ocr_line' id='line_1_9' title="bbox 102 1218 1384 1306; baseline -0.004 -19"><span class='ocrx_word' id='word_1_66' title='bbox 102 1222 299 1288; x_wconf 82' lang='lat' dir='ltr'><strong>verecundia</strong></span> <span class='ocrx_word' id='word_1_67' title='bbox 315 1246 412 1306; x_wconf 89' lang='lat' dir='ltr'><strong>quam</strong></span> <span class='ocrx_word' id='word_1_68' title='bbox 429 1245 504 1286; x_wconf 92' lang='lat' dir='ltr'><strong>cum</strong></span> <span class='ocrx_word' id='word_1_69' title='bbox 520 1222 747 1286; x_wconf 81' lang='lat' dir='ltr'><strong>obscoenitate</strong></span> <span class='ocrx_word' id='word_1_70' title='bbox 762 1220 897 1298; x_wconf 88' lang='lat' dir='ltr'><strong>Bacchi,</strong></span> <span class='ocrx_word' id='word_1_71' title='bbox 915 1243 934 1284; x_wconf 86' lang='lat' dir='ltr'><strong>a</strong></span> <span class='ocrx_word' id='word_1_72' title='bbox 950 1221 1043 1303; x_wconf 89' lang='lat' dir='ltr'><strong>cujus</strong></span> <span class='ocrx_word' id='word_1_73' title='bbox 1058 1218 1275 1283; x_wconf 87' lang='lat' dir='ltr'><strong>maenadibus</strong></span> <span class='ocrx_word' id='word_1_74' title='bbox 1291 1219 1384 1282; x_wconf 90' lang='lat' dir='ltr'><strong>inter·</strong></span> 
     </span>
     <span class='ocr_line' id='line_1_10' title="bbox 102 1337 1384 1421; baseline -0.004 -15"><span class='ocrx_word' id='word_1_75' title='bbox 102 1343 229 1421; x_wconf 88' lang='lat' dir='ltr'><strong>ficitur,</strong></span> <span class='ocrx_word' id='word_1_76' title='bbox 255 1342 387 1406; x_wconf 87' lang='lat' dir='ltr'><strong>videtur</strong></span> <span class='ocrx_word' id='word_1_77' title='bbox 411 1341 597 1406; x_wconf 84' lang='lat' dir='ltr'><strong>convenire.</strong></span> <span class='ocrx_word' id='word_1_78' title='bbox 645 1341 744 1405; x_wconf 81' lang='lat' dir='ltr'><strong>Ouod</strong></span> <span class='ocrx_word' id='word_1_79' title='bbox 769 1340 796 1403; x_wconf 92' lang='lat' dir='ltr'><strong>si</strong></span> <span class='ocrx_word' id='word_1_80' title='bbox 820 1340 868 1405; x_wconf 89' lang='lat' dir='ltr'><strong>ita</strong></span> <span class='ocrx_word' id='word_1_81' title='bbox 893 1346 960 1418; x_wconf 90' lang='lat' dir='ltr'><strong>est,</strong></span> <span class='ocrx_word' id='word_1_82' title='bbox 992 1338 1134 1402; x_wconf 83' lang='lat' dir='ltr'><strong>fortasse</strong></span> <span class='ocrx_word' id='word_1_83' title='bbox 1158 1361 1225 1402; x_wconf 92' lang='lat' dir='ltr'><strong>non</strong></span> <span class='ocrx_word' id='word_1_84' title='bbox 1250 1337 1384 1402; x_wconf 83' lang='lat' dir='ltr'><strong>fortuitu</strong></span> 
     </span>
     <span class='ocr_line' id='line_1_11' title="bbox 102 1457 1384 1544; baseline -0.005 -18"><span class='ocrx_word' id='word_1_85' title='bbox 102 1462 230 1526; x_wconf 84' lang='lat' dir='ltr'><strong>factum</strong></span> <span class='ocrx_word' id='word_1_86' title='bbox 245 1483 316 1526; x_wconf 90' lang='lat' dir='ltr'><strong>esse</strong></span> <span class='ocrx_word' id='word_1_87' title='bbox 333 1461 440 1540; x_wconf 87' lang='lat' dir='ltr'><strong>dicas,</strong></span> <span class='ocrx_word' id='word_1_88' title='bbox 462 1468 501 1525; x_wconf 91' lang='lat' dir='ltr'><strong>ut</strong></span> <span class='ocrx_word' id='word_1_89' title='bbox 518 1461 617 1525; x_wconf 88' lang='lat' dir='ltr'><strong>etiam</strong></span> <span class='ocrx_word' id='word_1_90' title='bbox 633 1460 668 1523; x_wconf 91' lang='lat' dir='ltr'><strong>in</strong></span> <span class='ocrx_word' id='word_1_91' title='bbox 683 1460 889 1544; x_wconf 76' lang='lat' dir='ltr'><strong>Theogonis,</strong></span> <span class='ocrx_word' id='word_1_92' title='bbox 911 1459 996 1522; x_wconf 92' lang='lat' dir='ltr'><strong>libro</strong></span> <span class='ocrx_word' id='word_1_93' title='bbox 1014 1458 1236 1542; x_wconf 89' lang='lat' dir='ltr'><strong>Orphiocrum</strong></span> <span class='ocrx_word' id='word_1_94' title='bbox 1252 1457 1384 1541; x_wconf 86' lang='lat' dir='ltr'><strong>scripto·</strong></span> 
     </span>
     <span class='ocr_line' id='line_1_12' title="bbox 102 1575 1384 1659; baseline -0.005 -13"><span class='ocrx_word' id='word_1_95' title='bbox 102 1605 174 1646; x_wconf 90' lang='lat' dir='ltr'><strong>rum</strong></span> <span class='ocrx_word' id='word_1_96' title='bbox 194 1581 435 1659; x_wconf 88' lang='lat' dir='ltr'><strong>vetustissimo,</strong></span> <span class='ocrx_word' id='word_1_97' title='bbox 457 1582 604 1644; x_wconf 90' lang='lat' dir='ltr'><strong>nondum</strong></span> <span class='ocrx_word' id='word_1_98' title='bbox 625 1602 791 1644; x_wconf 89' lang='lat' dir='ltr'><strong>sacrorum</strong></span> <span class='ocrx_word' id='word_1_99' title='bbox 806 1579 1045 1642; x_wconf 89' lang='lat' dir='ltr'><strong>Bacchicorum</strong></span> <span class='ocrx_word' id='word_1_100' title='bbox 1066 1576 1191 1642; x_wconf 91' lang='lat' dir='ltr'><strong>mentio</strong></span> <span class='ocrx_word' id='word_1_101' title='bbox 1213 1578 1313 1654; x_wconf 79' lang='lat' dir='ltr'><strong>fiat3¹</strong></span> <span class='ocrx_word' id='word_1_102' title='bbox 1335 1575 1384 1640; x_wconf 90' lang='lat' dir='ltr'><strong>sed</strong></span> 
     </span>
     <span class='ocr_line' id='line_1_13' title="bbox 102 1697 1429 1787; baseline -0.005 -22"><span class='ocrx_word' id='word_1_103' title='bbox 102 1722 227 1779; x_wconf 85' lang='lat' dir='ltr'><strong>vereor,</strong></span> <span class='ocrx_word' id='word_1_104' title='bbox 245 1723 286 1764; x_wconf 93' lang='lat' dir='ltr'><strong>ne</strong></span> <span class='ocrx_word' id='word_1_105' title='bbox 296 1701 415 1763; x_wconf 89' lang='lat' dir='ltr'><strong>nimiae</strong></span> <span class='ocrx_word' id='word_1_106' title='bbox 425 1699 626 1763; x_wconf 88' lang='lat' dir='ltr'><strong>temeritatis</strong></span> <span class='ocrx_word' id='word_1_107' title='bbox 636 1699 690 1787; x_wconf 88' lang='lat' dir='ltr'><strong>sit,</strong></span> <span class='ocrx_word' id='word_1_108' title='bbox 709 1699 738 1762; x_wconf 91' lang='lat' dir='ltr'><strong>si</strong></span> <span class='ocrx_word' id='word_1_109' title='bbox 746 1706 931 1784; x_wconf 88' lang='lat' dir='ltr'><strong>propterea,</strong></span> <span class='ocrx_word' id='word_1_110' title='bbox 949 1697 1261 1782; x_wconf 75' lang='lat' dir='ltr'><strong>quodTheogoniae</strong></span> <span class='ocrx_word' id='word_1_111' title='bbox 1278 1703 1390 1760; x_wconf 87' lang='lat' dir='ltr'><strong>auctor·</strong></span> <span class='ocrx_word' id='word_1_112' title='bbox 1426 1704 1429 1710; x_wconf 75' lang='grc'>’</span> 
     </span>
     <span class='ocr_line' id='line_1_14' title="bbox 102 1815 1385 1902; baseline -0.005 -19"><span class='ocrx_word' id='word_1_113' title='bbox 102 1821 230 1883; x_wconf 92' lang='lat' dir='ltr'><strong>nullam</strong></span> <span class='ocrx_word' id='word_1_114' title='bbox 246 1819 363 1902; x_wconf 88' lang='lat' dir='ltr'><strong>Zagrei</strong></span> <span class='ocrx_word' id='word_1_115' title='bbox 378 1819 531 1882; x_wconf 87' lang='lat' dir='ltr'><strong>notitiam</strong></span> <span class='ocrx_word' id='word_1_116' title='bbox 548 1818 676 1897; x_wconf 88' lang='lat' dir='ltr'><strong>habuit,</strong></span> <span class='ocrx_word' id='word_1_117' title='bbox 698 1819 812 1881; x_wconf 84' lang='lat' dir='ltr'><strong>statim</strong></span> <span class='ocrx_word' id='word_1_118' title='bbox 829 1840 904 1881; x_wconf 94' lang='lat' dir='ltr'><strong>eum</strong></span> <span class='ocrx_word' id='word_1_119' title='bbox 919 1816 1089 1900; x_wconf 90' lang='lat' dir='ltr'><strong>Apollinei</strong></span> <span class='ocrx_word' id='word_1_120' title='bbox 1105 1815 1232 1900; x_wconf 91' lang='lat' dir='ltr'><strong>Orphei</strong></span> <span class='ocrx_word' id='word_1_121' title='bbox 1248 1815 1385 1899; x_wconf 90' lang='lat' dir='ltr'><strong>discipu·</strong></span> 
     </span>
     <span class='ocr_line' id='line_1_15' title="bbox 103 1935 1385 2022; baseline -0.004 -20"><span class='ocrx_word' id='word_1_122' title='bbox 103 1939 173 2002; x_wconf 94' lang='lat' dir='ltr'><strong>lum</strong></span> <span class='ocrx_word' id='word_1_123' title='bbox 188 1939 333 2002; x_wconf 85' lang='lat' dir='ltr'><strong>finxeris.</strong></span> <span class='ocrx_word' id='word_1_124' title='bbox 362 1939 466 2002; x_wconf 88' lang='lat' dir='ltr'><strong>Nullo</strong></span> <span class='ocrx_word' id='word_1_125' title='bbox 484 1937 569 2002; x_wconf 88' lang='lat' dir='ltr'><strong>enim</strong></span> <span class='ocrx_word' id='word_1_126' title='bbox 585 1944 755 2022; x_wconf 89' lang='lat' dir='ltr'><strong>praeterea</strong></span> <span class='ocrx_word' id='word_1_127' title='bbox 770 1937 891 2001; x_wconf 86' lang='lat' dir='ltr'><strong>indicio</strong></span> <span class='ocrx_word' id='word_1_128' title='bbox 908 1935 1067 2020; x_wconf 86' lang='lat' dir='ltr'><strong>suspicari</strong></span> <span class='ocrx_word' id='word_1_129' title='bbox 1082 1935 1173 2015; x_wconf 91' lang='lat' dir='ltr'><strong>licet,</strong></span> <span class='ocrx_word' id='word_1_130' title='bbox 1191 1938 1282 1998; x_wconf 93' lang='lat' dir='ltr'><strong>huno</strong></span> <span class='ocrx_word' id='word_1_131' title='bbox 1297 1938 1385 1998; x_wconf 89' lang='lat' dir='ltr'><strong>theo·</strong></span> 
     </span>
     <span class='ocr_line' id='line_1_16' title="bbox 103 2054 1385 2142; baseline -0.004 -21"><span class='ocrx_word' id='word_1_132' title='bbox 103 2059 217 2142; x_wconf 91' lang='lat' dir='ltr'><strong>logum</strong></span> <span class='ocrx_word' id='word_1_133' title='bbox 235 2058 426 2142; x_wconf 88' lang='lat' dir='ltr'><strong>Apollinem</strong></span> <span class='ocrx_word' id='word_1_134' title='bbox 447 2060 499 2121; x_wconf 89' lang='lat' dir='ltr'><strong>vel</strong></span> <span class='ocrx_word' id='word_1_135' title='bbox 517 2059 628 2121; x_wconf 88' lang='lat' dir='ltr'><strong>Solem</strong></span> <span class='ocrx_word' id='word_1_136' title='bbox 650 2057 768 2121; x_wconf 83' lang='lat' dir='ltr'><strong>eximio</strong></span> <span class='ocrx_word' id='word_1_137' title='bbox 785 2060 909 2120; x_wconf 89' lang='lat' dir='ltr'><strong>honore</strong></span> <span class='ocrx_word' id='word_1_138' title='bbox 925 2056 960 2119; x_wconf 91' lang='lat' dir='ltr'><strong>in</strong></span> <span class='ocrx_word' id='word_1_139' title='bbox 978 2056 1120 2120; x_wconf 89' lang='lat' dir='ltr'><strong>carmine</strong></span> <span class='ocrx_word' id='word_1_140' title='bbox 1135 2078 1194 2120; x_wconf 88' lang='lat' dir='ltr'><strong>suo</strong></span> <span class='ocrx_word' id='word_1_141' title='bbox 1212 2054 1385 2131; x_wconf 84' lang='lat' dir='ltr'><strong>ornavisse,</strong></span> 
     </span>
     <span class='ocr_line' id='line_1_17' title="bbox 104 2168 1386 2261; baseline -0.005 -19"><span class='ocrx_word' id='word_1_142' title='bbox 104 2200 178 2242; x_wconf 89' lang='lat' dir='ltr'><strong>oum</strong></span> <span class='ocrx_word' id='word_1_143' title='bbox 193 2178 259 2241; x_wconf 91' lang='lat' dir='ltr'><strong>iam</strong></span> <span class='ocrx_word' id='word_1_144' title='bbox 275 2178 370 2242; x_wconf 85' lang='lat' dir='ltr'><strong>nobis</strong></span> <span class='ocrx_word' id='word_1_145' title='bbox 386 2168 528 2241; x_wconf 68' lang='lat' dir='ltr'><strong>uetitum</strong></span> <span class='ocrx_word' id='word_1_146' title='bbox 545 2177 605 2255; x_wconf 92' lang='lat' dir='ltr'><strong>sit,</strong></span> <span class='ocrx_word' id='word_1_147' title='bbox 632 2177 805 2261; x_wconf 91' lang='lat' dir='ltr'><strong>quominus</strong></span> <span class='ocrx_word' id='word_1_148' title='bbox 821 2175 978 2254; x_wconf 90' lang='lat' dir='ltr'><strong>Phaneti,</strong></span> <span class='ocrx_word' id='word_1_149' title='bbox 1001 2175 1266 2258; x_wconf 79' lang='lat' dir='ltr'><strong>Rhapsodiarum</strong></span> <span class='ocrx_word' id='word_1_150' title='bbox 1282 2194 1386 2257; x_wconf 88' lang='lat' dir='ltr'><strong>perso·</strong></span> 
     </span>
     <span class='ocr_line' id='line_1_18' title="bbox 102 2293 1386 2379; baseline -0.005 -18"><span class='ocrx_word' id='word_1_151' title='bbox 102 2320 179 2376; x_wconf 90' lang='lat' dir='ltr'><strong>nae,</strong></span> <span class='ocrx_word' id='word_1_152' title='bbox 204 2298 316 2361; x_wconf 88' lang='lat' dir='ltr'><strong>sedem</strong></span> <span class='ocrx_word' id='word_1_153' title='bbox 333 2296 550 2360; x_wconf 88' lang='lat' dir='ltr'><strong>concedamus</strong></span> <span class='ocrx_word' id='word_1_154' title='bbox 568 2296 603 2359; x_wconf 92' lang='lat' dir='ltr'><strong>in</strong></span> <span class='ocrx_word' id='word_1_155' title='bbox 618 2304 730 2359; x_wconf 87' lang='lat' dir='ltr'><strong>vetere</strong></span> <span class='ocrx_word' id='word_1_156' title='bbox 746 2295 949 2379; x_wconf 76' lang='lat' dir='ltr'><strong>Theogonis.</strong></span> <span class='ocrx_word' id='word_1_157' title='bbox 995 2296 1115 2378; x_wconf 88' lang='lat' dir='ltr'><strong>Itaque</strong></span> <span class='ocrx_word' id='word_1_158' title='bbox 1136 2315 1177 2357; x_wconf 91' lang='lat' dir='ltr'><strong>ne</strong></span> <span class='ocrx_word' id='word_1_159' title='bbox 1194 2294 1242 2358; x_wconf 89' lang='lat' dir='ltr'><strong>sic</strong></span> <span class='ocrx_word' id='word_1_160' title='bbox 1259 2293 1386 2377; x_wconf 90' lang='lat' dir='ltr'><strong>quidem</strong></span> 
     </span>
     <span class='ocr_line' id='line_1_19' title="bbox 102 2410 1386 2499; baseline -0.004 -20"><span class='ocrx_word' id='word_1_161' title='bbox 102 2417 227 2499; x_wconf 89' lang='lat' dir='ltr'><strong>aliquid</strong></span> <span class='ocrx_word' id='word_1_162' title='bbox 251 2415 458 2499; x_wconf 87' lang='lat' dir='ltr'><strong>cognationis</strong></span> <span class='ocrx_word' id='word_1_163' title='bbox 480 2415 605 2499; x_wconf 89' lang='lat' dir='ltr'><strong>Orphei</strong></span> <span class='ocrx_word' id='word_1_164' title='bbox 626 2415 795 2478; x_wconf 84' lang='lat' dir='ltr'><strong>veterrimi</strong></span> <span class='ocrx_word' id='word_1_165' title='bbox 816 2422 850 2478; x_wconf 85' lang='lat' dir='ltr'><strong>et</strong></span> <span class='ocrx_word' id='word_1_166' title='bbox 870 2413 1006 2478; x_wconf 88' lang='lat' dir='ltr'><strong>iunioris</strong></span> <span class='ocrx_word' id='word_1_167' title='bbox 1028 2413 1183 2477; x_wconf 75' lang='lat' dir='ltr'><strong>efficitur.</strong></span> <span class='ocrx_word' id='word_1_168' title='bbox 1229 2414 1304 2478; x_wconf 91' lang='lat' dir='ltr'><strong>Nec</strong></span> <span class='ocrx_word' id='word_1_169' title='bbox 1319 2410 1386 2476; x_wconf 89' lang='lat' dir='ltr'><strong>feli·</strong></span> 
     </span>
     <span class='ocr_line' id='line_1_20' title="bbox 104 2531 1387 2620; baseline 0.002 -22"><span class='ocrx_word' id='word_1_170' title='bbox 104 2535 207 2599; x_wconf 90' lang='lat' dir='ltr'><strong>ciores</strong></span> <span class='ocrx_word' id='word_1_171' title='bbox 224 2558 284 2598; x_wconf 92' lang='lat' dir='ltr'><strong>nos</strong></span> <span class='ocrx_word' id='word_1_172' title='bbox 300 2535 430 2598; x_wconf 84' lang='lat' dir='ltr'><strong>futuros</strong></span> <span class='ocrx_word' id='word_1_173' title='bbox 446 2535 598 2613; x_wconf 88' lang='lat' dir='ltr'><strong>arbitror,</strong></span> <span class='ocrx_word' id='word_1_174' title='bbox 622 2535 650 2597; x_wconf 92' lang='lat' dir='ltr'><strong>si</strong></span> <span class='ocrx_word' id='word_1_175' title='bbox 666 2534 914 2617; x_wconf 84' lang='lat' dir='ltr'><strong>antiquissimae</strong></span> <span class='ocrx_word' id='word_1_176' title='bbox 930 2533 1039 2618; x_wconf 71' lang='lat' dir='ltr'><strong>poesis</strong></span> <span class='ocrx_word' id='word_1_177' title='bbox 1056 2531 1221 2616; x_wconf 87' lang='lat' dir='ltr'><strong>Orphieae</strong></span> <span class='ocrx_word' id='word_1_178' title='bbox 1236 2540 1311 2596; x_wconf 92' lang='lat' dir='ltr'><strong>tum</strong></span> <span class='ocrx_word' id='word_1_179' title='bbox 1326 2541 1387 2620; x_wconf 66' lang='grc' dir='ltr'><strong>ἦθος</strong></span> 
     </span>
     <span class='ocr_line' id='line_1_21' title="bbox 102 2653 1386 2740; baseline -0.003 -23"><span class='ocrx_word' id='word_1_180' title='bbox 102 2661 175 2717; x_wconf 90' lang='lat' dir='ltr'><strong>tum</strong></span> <span class='ocrx_word' id='word_1_181' title='bbox 196 2655 335 2717; x_wconf 82' lang='lat' dir='ltr'><strong>formam</strong></span> <span class='ocrx_word' id='word_1_182' title='bbox 361 2655 651 2740; x_wconf 87' lang='lat' dir='ltr'><strong>exploraverimus.</strong></span> <span class='ocrx_word' id='word_1_183' title='bbox 698 2655 733 2718; x_wconf 83' lang='lat' dir='ltr'><strong>si</strong></span> <span class='ocrx_word' id='word_1_184' title='bbox 755 2654 833 2736; x_wconf 92' lang='lat' dir='ltr'><strong>quid</strong></span> <span class='ocrx_word' id='word_1_185' title='bbox 858 2653 944 2717; x_wconf 90' lang='lat' dir='ltr'><strong>enim</strong></span> <span class='ocrx_word' id='word_1_186' title='bbox 971 2653 1102 2716; x_wconf 92' lang='lat' dir='ltr'><strong>omnino</strong></span> <span class='ocrx_word' id='word_1_187' title='bbox 1125 2654 1188 2716; x_wconf 89' lang='lat' dir='ltr'><strong>hao</strong></span> <span class='ocrx_word' id='word_1_188' title='bbox 1213 2653 1254 2716; x_wconf 85' lang='lat' dir='ltr'><strong>de</strong></span> <span class='ocrx_word' id='word_1_189' title='bbox 1280 2675 1314 2716; x_wconf 91' lang='lat' dir='ltr'><strong>re</strong></span> <span class='ocrx_word' id='word_1_190' title='bbox 1336 2671 1386 2714; x_wconf 93' lang='lat' dir='ltr'><strong>ne·</strong></span> 
     </span>
     <span class='ocr_line' id='line_1_22' title="bbox 102 2748 1386 2857; baseline -0.002 -22"><span class='ocrx_word' id='word_1_191' title='bbox 102 2748 224 2857; x_wconf 82' lang='lat' dir='ltr'><strong>gleotis</strong></span> <span class='ocrx_word' id='word_1_192' title='bbox 239 2773 641 2838; x_wconf 77' lang='lat' dir='ltr'><strong>Lobeolrii&#39;cachinnis²</strong></span> <span class='ocrx_word' id='word_1_193' title='bbox 664 2773 877 2837; x_wconf 84' lang='lat' dir='ltr'><strong>statuendum</strong></span> <span class='ocrx_word' id='word_1_194' title='bbox 894 2780 960 2847; x_wconf 86' lang='lat' dir='ltr'><strong>est,</strong></span> <span class='ocrx_word' id='word_1_195' title='bbox 984 2794 1058 2835; x_wconf 88' lang='lat' dir='ltr'><strong>cum</strong></span> <span class='ocrx_word' id='word_1_196' title='bbox 1075 2772 1303 2836; x_wconf 83' lang='lat' dir='ltr'><strong>Gerhardo³</strong></span> <span class='ocrx_word' id='word_1_197' title='bbox 1326 2770 1386 2833; x_wconf 75' lang='lat' dir='ltr'><strong>for-</strong></span> 
     </span>
     <span class='ocr_line' id='line_1_23' title="bbox 104 2863 1385 2978; baseline -0.002 -23"><span class='ocrx_word' id='word_1_198' title='bbox 104 2894 192 2957; x_wconf 88' lang='lat' dir='ltr'><strong>sitan</strong></span> <span class='ocrx_word' id='word_1_199' title='bbox 208 2893 309 2972; x_wconf 87' lang='lat' dir='ltr'><strong>dieas,</strong></span> <span class='ocrx_word' id='word_1_200' title='bbox 329 2893 454 2978; x_wconf 89' lang='lat' dir='ltr'><strong>Orphei</strong></span> <span class='ocrx_word' id='word_1_201' title='bbox 473 2893 588 2977; x_wconf 78' lang='lat' dir='ltr'><strong>poesin</strong></span> <span class='ocrx_word' id='word_1_202' title='bbox 604 2892 844 2956; x_wconf 87' lang='lat' dir='ltr'><strong>sacerdotalem</strong></span> <span class='ocrx_word' id='word_1_203' title='bbox 860 2898 895 2955; x_wconf 86' lang='lat' dir='ltr'><strong>et</strong></span> <span class='ocrx_word' id='word_1_204' title='bbox 910 2892 1062 2955; x_wconf 91' lang='lat' dir='ltr'><strong>melicam</strong></span> <span class='ocrx_word' id='word_1_205' title='bbox 1079 2863 1192 2955; x_wconf 83' lang='lat' dir='ltr'><strong>fuisse.</strong></span> <span class='ocrx_word' id='word_1_206' title='bbox 1234 2889 1385 2955; x_wconf 86' lang='lat' dir='ltr'><strong>Sacerdo-</strong></span> 
     </span>
     <span class='ocr_line' id='line_1_24' title="bbox 102 3010 1385 3097; baseline -0.004 -22"><span class='ocrx_word' id='word_1_207' title='bbox 102 3013 181 3075; x_wconf 88' lang='lat' dir='ltr'><strong>talis</strong></span> <span class='ocrx_word' id='word_1_208' title='bbox 196 3019 372 3097; x_wconf 88' lang='lat' dir='ltr'><strong>propterea</strong></span> <span class='ocrx_word' id='word_1_209' title='bbox 388 3012 452 3075; x_wconf 87' lang='lat' dir='ltr'><strong>dici</strong></span> <span class='ocrx_word' id='word_1_210' title='bbox 468 3034 565 3095; x_wconf 89' lang='lat' dir='ltr'><strong>posse</strong></span> <span class='ocrx_word' id='word_1_211' title='bbox 581 3013 723 3090; x_wconf 87' lang='lat' dir='ltr'><strong>videtur,</strong></span> <span class='ocrx_word' id='word_1_212' title='bbox 746 3012 832 3095; x_wconf 90' lang='lat' dir='ltr'><strong>quod</strong></span> <span class='ocrx_word' id='word_1_213' title='bbox 850 3011 891 3074; x_wconf 92' lang='lat' dir='ltr'><strong>ad</strong></span> <span class='ocrx_word' id='word_1_214' title='bbox 908 3012 1036 3074; x_wconf 88' lang='lat' dir='ltr'><strong>cultum</strong></span> <span class='ocrx_word' id='word_1_215' title='bbox 1051 3012 1187 3075; x_wconf 88' lang='lat' dir='ltr'><strong>deorum</strong></span> <span class='ocrx_word' id='word_1_216' title='bbox 1203 3010 1385 3096; x_wconf 87' lang='lat' dir='ltr'><strong>pertinebat</strong></span> 
     </span>
     <span class='ocr_line' id='line_1_25' title="bbox 102 3131 1382 3215; baseline -0.003 -21"><span class='ocrx_word' id='word_1_217' title='bbox 102 3153 208 3213; x_wconf 88' lang='lat' dir='ltr'><strong>neque</strong></span> <span class='ocrx_word' id='word_1_218' title='bbox 219 3131 407 3195; x_wconf 89' lang='lat' dir='ltr'><strong>auditorum</strong></span> <span class='ocrx_word' id='word_1_219' title='bbox 418 3153 516 3195; x_wconf 88' lang='lat' dir='ltr'><strong>causa</strong></span> <span class='ocrx_word' id='word_1_220' title='bbox 526 3132 797 3195; x_wconf 87' lang='lat' dir='ltr'><strong>delectandorum</strong></span> <span class='ocrx_word' id='word_1_221' title='bbox 808 3139 936 3215; x_wconf 89' lang='lat' dir='ltr'><strong>apoeta</strong></span> <span class='ocrx_word' id='word_1_222' title='bbox 946 3131 1130 3215; x_wconf 89' lang='lat' dir='ltr'><strong>composita</strong></span> <span class='ocrx_word' id='word_1_223' title='bbox 1139 3137 1222 3194; x_wconf 91' lang='lat' dir='ltr'><strong>erat.</strong></span> <span class='ocrx_word' id='word_1_224' title='bbox 1240 3131 1382 3215; x_wconf 87' lang='lat' dir='ltr'><strong>Hymnos</strong></span> 
     </span>
     <span class='ocr_line' id='line_1_26' title="bbox 104 3244 1383 3335; baseline -0.002 -23"><span class='ocrx_word' id='word_1_225' title='bbox 104 3249 191 3312; x_wconf 91' lang='lat' dir='ltr'><strong>enim</strong></span> <span class='ocrx_word' id='word_1_226' title='bbox 208 3250 360 3332; x_wconf 86' lang='lat' dir='ltr'><strong>Orpheus</strong></span> <span class='ocrx_word' id='word_1_227' title='bbox 376 3251 505 3335; x_wconf 87' lang='lat' dir='ltr'><strong>proprie</strong></span> <span class='ocrx_word' id='word_1_228' title='bbox 522 3251 653 3315; x_wconf 85' lang='lat' dir='ltr'><strong>videtur</strong></span> <span class='ocrx_word' id='word_1_229' title='bbox 668 3250 786 3315; x_wconf 91' lang='lat' dir='ltr'><strong>fecisse</strong></span> <span class='ocrx_word' id='word_1_230' title='bbox 802 3272 862 3314; x_wconf 90' lang='lat' dir='ltr'><strong>nec</strong></span> <span class='ocrx_word' id='word_1_231' title='bbox 878 3257 992 3313; x_wconf 87' lang='lat' dir='ltr'><strong>tamen</strong></span> <span class='ocrx_word' id='word_1_232' title='bbox 1007 3252 1104 3328; x_wconf 86' lang='lat' dir='ltr'><strong>tales,</strong></span> <span class='ocrx_word' id='word_1_233' title='bbox 1128 3249 1244 3334; x_wconf 87' lang='lat' dir='ltr'><strong>quales</strong></span> <span class='ocrx_word' id='word_1_234' title='bbox 1260 3244 1383 3335; x_wconf 88' lang='lat' dir='ltr'><strong>plurimi</strong></span> 
     </span>
    </p>
   </div>
   <div class='ocr_carea' id='block_1_3' title="bbox 102 3525 1382 3694">
    <p class='ocr_par' dir='ltr' id='par_1_3' title="bbox 102 3525 1382 3694">
     <span class='ocr_line' id='line_1_27' title="bbox 102 3525 1382 3626; baseline -0.002 -20"><span class='ocrx_word' id='word_1_235' title='bbox 102 3559 246 3607; x_wconf 89' lang='lat' dir='ltr'><strong>Klausen</strong></span> <span class='ocrx_word' id='word_1_236' title='bbox 275 3559 307 3622; x_wconf 86' lang='lat' dir='ltr'><strong>(l.</strong></span> <span class='ocrx_word' id='word_1_237' title='bbox 328 3557 364 3622; x_wconf 86' lang='lat' dir='ltr'><strong>c.)</strong></span> <span class='ocrx_word' id='word_1_238' title='bbox 392 3558 501 3608; x_wconf 82' lang='lat' dir='ltr'><strong>conferri</strong></span> <span class='ocrx_word' id='word_1_239' title='bbox 528 3559 600 3608; x_wconf 86' lang='lat' dir='ltr'><strong>iubet</strong></span> <span class='ocrx_word' id='word_1_240' title='bbox 626 3562 719 3610; x_wconf 64' lang='lat' dir='ltr'><strong>Aeaea.</strong></span> <span class='ocrx_word' id='word_1_241' title='bbox 748 3561 841 3625; x_wconf 68' lang='lat' dir='ltr'><strong>suppl.</strong></span> <span class='ocrx_word' id='word_1_242' title='bbox 871 3564 1017 3621; x_wconf 75' lang='lat' dir='ltr'><strong>ala-215,</strong></span> <span class='ocrx_word' id='word_1_243' title='bbox 1045 3562 1124 3626; x_wconf 77' lang='lat' dir='ltr'><strong>Sopt.</strong></span> <span class='ocrx_word' id='word_1_244' title='bbox 1147 3561 1209 3611; x_wconf 79' lang='lat' dir='ltr'><strong>Ocd.</strong></span> <span class='ocrx_word' id='word_1_245' title='bbox 1235 3563 1269 3610; x_wconf 79' lang='grc' dir='ltr'><strong>Β.</strong></span> <span class='ocrx_word' id='word_1_246' title='bbox 1296 3563 1343 3608; x_wconf 83' lang='grc'><strong>660</strong></span> <span class='ocrx_word' id='word_1_247' title='bbox 1362 3525 1382 3604; x_wconf 79' lang='lat' dir='ltr'><strong>el</strong></span> 
     </span>
     <span class='ocr_line' id='line_1_28' title="bbox 103 3644 284 3694; baseline -0.006 -2"><span class='ocrx_word' id='word_1_248' title='bbox 103 3644 154 3692; x_wconf 89' lang='lat' dir='ltr'><strong>inc.</strong></span> <span class='ocrx_word' id='word_1_249' title='bbox 174 3645 204 3693; x_wconf 87' lang='lat' dir='ltr'><strong>fr.</strong></span> <span class='ocrx_word' id='word_1_250' title='bbox 226 3648 284 3694; x_wconf 81' lang='lat'><strong>772.</strong></span> 
     </span>
    </p>
   </div>
   <div class='ocr_carea' id='block_1_4' title="bbox 104 3744 1381 4407">
    <p class='ocr_par' dir='ltr' id='par_1_4' title="bbox 104 3744 1381 3978">
     <span class='ocr_line' id='line_1_29' title="bbox 173 3744 1381 3810; baseline -0.003 -15"><span class='ocrx_word' id='word_1_251' title='bbox 173 3744 182 3775; x_wconf 90' lang='lat'>¹</span> <span class='ocrx_word' id='word_1_252' title='bbox 201 3746 242 3796; x_wconf 84' lang='lat' dir='ltr'><strong>Of.</strong></span> <span class='ocrx_word' id='word_1_253' title='bbox 261 3749 284 3810; x_wconf 68' lang='grc' dir='ltr'><strong>ξ.</strong></span> <span class='ocrx_word' id='word_1_254' title='bbox 307 3751 329 3795; x_wconf 85' lang='grc'><strong>7.</strong></span> <span class='ocrx_word' id='word_1_255' title='bbox 367 3747 472 3795; x_wconf 84' lang='lat' dir='ltr'><strong>Etenim</strong></span> <span class='ocrx_word' id='word_1_256' title='bbox 490 3746 622 3795; x_wconf 89' lang='lat' dir='ltr'><strong>Bacchica</strong></span> <span class='ocrx_word' id='word_1_257' title='bbox 640 3761 721 3807; x_wconf 84' lang='lat' dir='ltr'><strong>sacra,</strong></span> <span class='ocrx_word' id='word_1_258' title='bbox 741 3763 806 3809; x_wconf 88' lang='lat' dir='ltr'><strong>quae</strong></span> <span class='ocrx_word' id='word_1_259' title='bbox 825 3749 953 3808; x_wconf 86' lang='lat' dir='ltr'><strong>dicuntur,</strong></span> <span class='ocrx_word' id='word_1_260' title='bbox 971 3763 1024 3797; x_wconf 91' lang='lat' dir='ltr'><strong>non</strong></span> <span class='ocrx_word' id='word_1_261' title='bbox 1041 3755 1094 3796; x_wconf 81' lang='lat' dir='ltr'><strong>tam</strong></span> <span class='ocrx_word' id='word_1_262' title='bbox 1112 3749 1144 3796; x_wconf 83' lang='lat' dir='ltr'><strong>ad</strong></span> <span class='ocrx_word' id='word_1_263' title='bbox 1162 3747 1308 3810; x_wconf 87' lang='lat' dir='ltr'><strong>Dionysum</strong></span> <span class='ocrx_word' id='word_1_264' title='bbox 1325 3744 1381 3794; x_wconf 85' lang='lat' dir='ltr'><strong>The·</strong></span> 
     </span>
     <span class='ocr_line' id='line_1_30' title="bbox 104 3829 1381 3896; baseline 0.001 -19"><span class='ocrx_word' id='word_1_265' title='bbox 104 3829 213 3892; x_wconf 86' lang='lat' dir='ltr'><strong>bunum,</strong></span> <span class='ocrx_word' id='word_1_266' title='bbox 243 3847 319 3895; x_wconf 88' lang='lat' dir='ltr'><strong>quem</strong></span> <span class='ocrx_word' id='word_1_267' title='bbox 341 3833 368 3881; x_wconf 88' lang='lat' dir='ltr'><strong>in</strong></span> <span class='ocrx_word' id='word_1_268' title='bbox 397 3831 550 3896; x_wconf 83' lang='lat' dir='ltr'><strong>Theogonis</strong></span> <span class='ocrx_word' id='word_1_269' title='bbox 581 3842 805 3882; x_wconf 87' lang='lat' dir='ltr'><strong>commemoratum</strong></span> <span class='ocrx_word' id='word_1_270' title='bbox 833 3849 889 3882; x_wconf 89' lang='lat' dir='ltr'><strong>esse</strong></span> <span class='ocrx_word' id='word_1_271' title='bbox 916 3849 969 3882; x_wconf 94' lang='lat' dir='ltr'><strong>non</strong></span> <span class='ocrx_word' id='word_1_272' title='bbox 996 3847 1076 3896; x_wconf 87' lang='lat' dir='ltr'><strong>nego,</strong></span> <span class='ocrx_word' id='word_1_273' title='bbox 1104 3847 1182 3895; x_wconf 88' lang='lat' dir='ltr'><strong>quam</strong></span> <span class='ocrx_word' id='word_1_274' title='bbox 1209 3833 1243 3880; x_wconf 86' lang='lat' dir='ltr'><strong>ad</strong></span> <span class='ocrx_word' id='word_1_275' title='bbox 1266 3833 1381 3895; x_wconf 86' lang='lat' dir='ltr'><strong>Zagreum</strong></span> 
     </span>
     <span class='ocr_line' id='line_1_31' title="bbox 104 3916 272 3978; baseline 0.03 -17"><span class='ocrx_word' id='word_1_276' title='bbox 104 3916 272 3978; x_wconf 85' lang='lat' dir='ltr'><strong>pertinebant.</strong></span> 
     </span>
    </p>

    <p class='ocr_par' dir='ltr' id='par_1_5' title="bbox 172 3996 388 4068">
     <span class='ocr_line' id='line_1_32' title="bbox 172 3996 388 4068; baseline 0.014 -19"><span class='ocrx_word' id='word_1_277' title='bbox 172 3996 263 4065; x_wconf 60' lang='lat' dir='ltr'><strong>Myr.</strong></span> <span class='ocrx_word' id='word_1_278' title='bbox 280 4021 309 4068; x_wconf 79' lang='lat' dir='ltr'><strong>p.</strong></span> <span class='ocrx_word' id='word_1_279' title='bbox 329 4008 388 4052; x_wconf 84' lang='lat'>321.</span> 
     </span>
    </p>

    <p class='ocr_par' dir='ltr' id='par_1_6' title="bbox 104 4080 1381 4407">
     <span class='ocr_line' id='line_1_33' title="bbox 173 4080 1381 4156; baseline 0.003 -24"><span class='ocrx_word' id='word_1_280' title='bbox 173 4080 184 4112; x_wconf 81' lang='lat'>³</span> <span class='ocrx_word' id='word_1_281' title='bbox 202 4084 234 4134; x_wconf 86' lang='lat' dir='ltr'><strong>L.</strong></span> <span class='ocrx_word' id='word_1_282' title='bbox 254 4103 276 4134; x_wconf 83' lang='lat' dir='ltr'><strong>e.</strong></span> <span class='ocrx_word' id='word_1_283' title='bbox 287 4104 316 4151; x_wconf 81' lang='lat' dir='ltr'><strong>p.</strong></span> <span class='ocrx_word' id='word_1_284' title='bbox 340 4092 382 4136; x_wconf 84' lang='lat'><strong>14:</strong></span> <span class='ocrx_word' id='word_1_285' title='bbox 408 4089 485 4138; x_wconf 80' lang='lat' dir='ltr'><strong>Wcaa</strong></span> <span class='ocrx_word' id='word_1_286' title='bbox 503 4106 562 4138; x_wconf 75' lang='lat' dir='ltr'><strong>maa</strong></span> <span class='ocrx_word' id='word_1_287' title='bbox 580 4089 621 4138; x_wconf 82' lang='lat' dir='ltr'><strong>die</strong></span> <span class='ocrx_word' id='word_1_288' title='bbox 640 4090 760 4153; x_wconf 62' lang='lat' dir='ltr'><strong>Ausuaga</strong></span> <span class='ocrx_word' id='word_1_289' title='bbox 777 4091 822 4138; x_wconf 80' lang='lat' dir='ltr'><strong>des</strong></span> <span class='ocrx_word' id='word_1_290' title='bbox 838 4091 912 4153; x_wconf 79' lang='lat' dir='ltr'><strong>Epor</strong></span> <span class='ocrx_word' id='word_1_291' title='bbox 929 4091 984 4138; x_wconf 83' lang='lat' dir='ltr'><strong>dem</strong></span> <span class='ocrx_word' id='word_1_292' title='bbox 1004 4090 1119 4156; x_wconf 76' lang='lat' dir='ltr'><strong>Tmnyris</strong></span> <span class='ocrx_word' id='word_1_293' title='bbox 1134 4091 1272 4152; x_wconf 64' lang='lat' dir='ltr'><strong>angostebi,</strong></span> <span class='ocrx_word' id='word_1_294' title='bbox 1290 4105 1317 4139; x_wconf 79' lang='lat' dir='ltr'><strong>eo</strong></span> <span class='ocrx_word' id='word_1_295' title='bbox 1333 4082 1381 4136; x_wconf 63' lang='lat' dir='ltr'><strong>,aa</strong></span> 
     </span>
     <span class='ocr_line' id='line_1_34' title="bbox 104 4171 1381 4239; baseline 0 -19"><span class='ocrx_word' id='word_1_296' title='bbox 104 4172 147 4220; x_wconf 78' lang='lat' dir='ltr'><strong>die</strong></span> <span class='ocrx_word' id='word_1_297' title='bbox 164 4171 269 4233; x_wconf 59' lang='lat' dir='ltr'><strong>abripere</strong></span> <span class='ocrx_word' id='word_1_298' title='bbox 288 4172 449 4223; x_wconf 70' lang='lat' dir='ltr'><strong>tlrrokirolsen</strong></span> <span class='ocrx_word' id='word_1_299' title='bbox 467 4175 576 4239; x_wconf 67' lang='lat' dir='ltr'><strong>Straper,</strong></span> <span class='ocrx_word' id='word_1_300' title='bbox 596 4176 769 4224; x_wconf 74' lang='lat' dir='ltr'><strong>basoaderlreit</strong></span> <span class='ocrx_word' id='word_1_301' title='bbox 788 4176 909 4239; x_wconf 74' lang='lat' dir='ltr'><strong>Orpheos,</strong></span> <span class='ocrx_word' id='word_1_302' title='bbox 931 4191 973 4224; x_wconf 80' lang='lat' dir='ltr'><strong>wm</strong></span> <span class='ocrx_word' id='word_1_303' title='bbox 990 4191 1017 4224; x_wconf 82' lang='lat' dir='ltr'><strong>so</strong></span> <span class='ocrx_word' id='word_1_304' title='bbox 1035 4175 1223 4224; x_wconf 62' lang='lat' dir='ltr'><strong>mactem</strong></span> <span class='ocrx_word' id='word_1_305' title='bbox 1240 4175 1320 4224; x_wconf 67' lang='lat' dir='ltr'><strong>dserol</strong></span> <span class='ocrx_word' id='word_1_306' title='bbox 1336 4172 1381 4220; x_wconf 69' lang='lat' dir='ltr'><strong>Aa·</strong></span> 
     </span>
     <span class='ocr_line' id='line_1_35' title="bbox 105 4256 1381 4324; baseline -0.001 -18"><span class='ocrx_word' id='word_1_307' title='bbox 105 4257 174 4306; x_wconf 76' lang='lat' dir='ltr'><strong>muta</strong></span> <span class='ocrx_word' id='word_1_308' title='bbox 200 4257 252 4305; x_wconf 71' lang='lat' dir='ltr'><strong>arrd</strong></span> <span class='ocrx_word' id='word_1_309' title='bbox 284 4256 381 4306; x_wconf 77' lang='lat' dir='ltr'><strong>Weisea</strong></span> <span class='ocrx_word' id='word_1_310' title='bbox 407 4259 475 4308; x_wconf 66' lang='lat' dir='ltr'><strong>itaer</strong></span> <span class='ocrx_word' id='word_1_311' title='bbox 504 4261 629 4323; x_wconf 63' lang='lat' dir='ltr'><strong>Gramma,</strong></span> <span class='ocrx_word' id='word_1_312' title='bbox 656 4261 737 4309; x_wconf 71' lang='lat' dir='ltr'><strong>demet</strong></span> <span class='ocrx_word' id='word_1_313' title='bbox 762 4261 810 4308; x_wconf 79' lang='lat' dir='ltr'><strong>dos</strong></span> <span class='ocrx_word' id='word_1_314' title='bbox 830 4261 914 4309; x_wconf 77' lang='lat' dir='ltr'><strong>Melos</strong></span> <span class='ocrx_word' id='word_1_315' title='bbox 939 4260 991 4308; x_wconf 77' lang='lat' dir='ltr'><strong>aad</strong></span> <span class='ocrx_word' id='word_1_316' title='bbox 1017 4260 1098 4308; x_wconf 74' lang='lat' dir='ltr'><strong>durch</strong></span> <span class='ocrx_word' id='word_1_317' title='bbox 1123 4260 1172 4309; x_wconf 81' lang='lat' dir='ltr'><strong>den</strong></span> <span class='ocrx_word' id='word_1_318' title='bbox 1195 4258 1381 4324; x_wconf 64' lang='lat' dir='ltr'><strong>praeterlata</strong></span> 
     </span>
     <span class='ocr_line' id='line_1_36' title="bbox 107 4341 954 4407; baseline 0.004 -17"><span class='ocrx_word' id='word_1_319' title='bbox 107 4341 247 4391; x_wconf 73' lang='lat' dir='ltr'><strong>thooter</strong></span> <span class='ocrx_word' id='word_1_320' title='bbox 264 4343 335 4391; x_wconf 72' lang='lat' dir='ltr'><strong>ihrer</strong></span> <span class='ocrx_word' id='word_1_321' title='bbox 352 4344 482 4406; x_wconf 69' lang='lat' dir='ltr'><strong>Dicttanq</strong></span> <span class='ocrx_word' id='word_1_322' title='bbox 499 4347 695 4407; x_wconf 72' lang='lat' dir='ltr'><strong>wsqezeiohaet.</strong></span> <span class='ocrx_word' id='word_1_323' title='bbox 733 4342 775 4393; x_wconf 83' lang='lat' dir='ltr'><strong>Cf.</strong></span> <span class='ocrx_word' id='word_1_324' title='bbox 795 4345 829 4394; x_wconf 86' lang='lat' dir='ltr'><strong>N.</strong></span> <span class='ocrx_word' id='word_1_325' title='bbox 850 4348 892 4405; x_wconf 85' lang='grc'><strong>68,</strong></span> <span class='ocrx_word' id='word_1_326' title='bbox 912 4348 954 4393; x_wconf 82' lang='grc'><strong>69.</strong></span> 
     </span>
    </p>
   </div>
   <div class='ocr_carea' id='block_1_5' title="bbox 0 0 1501 4800">
    <p class='ocr_par' dir='ltr' id='par_1_7' title="bbox 0 0 1501 4800">
     <span class='ocr_line' id='line_1_37' title="bbox 0 0 1501 4800; baseline 0 0"><span class='ocrx_word' id='word_1_327' title='bbox 0 0 1501 4800; x_wconf 95' lang='lat' dir='ltr'><strong> </strong></span> 
     </span>
    </p>
   </div>
  </div>
 </body>
</html>
