2986 4800
719 183 760 244 48

99 395 409 475 ταόταςὊνομακρίτου.
443 388 492 450 De
508 398 641 476 χρησμοῖς
656 396 743 449 errat
759 385 888 449 Suidas.
921 385 1050 448 Musaei
1066 384 1152 448 enim
1169 383 1304 447 oracula
1319 404 1381 446 non

101 507 227 593 Orphei
254 507 295 571 ab
321 505 535 569 Onomacrito
560 504 761 589 interpolata
788 505 926 568 tradunt
950 504 1141 567 Herodotus
1171 510 1205 566 et
1230 503 1380 566 Clemens

101 618 218 692 Αλοιι.1
257 627 328 690 Νεο
346 625 503 689 credibile
519 631 582 704 esi,
598 625 631 687 in
647 624 799 702 oraculis,
814 646 992 709 paucorum
1006 644 1160 688 versuum
1173 621 1379 699 carminibus,

101 747 182 811 satis
205 747 339 829 longam
365 745 458 807 illam
484 745 523 807 de
548 742 665 827 Zagrei
690 751 794 807 morte
819 744 1039 808 narrationem
1066 742 1215 806 infuisse.
1258 739 1382 804 Quodsi

100 873 233 950 poema,
256 887 320 948 quo
338 863 571 928 Onomacritns
588 863 750 926 Pausania
766 871 900 927 auctore
917 862 1056 947 Dionysi
1071 870 1223 949 παθήματα
1241 860 1380 943 descrip-

102 986 157 1063 sit,
172 983 426 1069 Pseudorphicis
442 983 556 1065 utique
570 982 702 1067 scriptis
716 982 997 1047 adnumerandum
1010 982 1151 1058 videtur,
1167 982 1259 1045 solae
1272 987 1383 1049 Triarii

100 1111 243 1182 restani,
271 1125 350 1187 quas
372 1103 489 1166 Suidas
510 1103 689 1166 nonnullos
711 1102 924 1165 Onomacriio
946 1101 1092 1166 tribuere
1113 1101 1292 1164 memoriae
1314 1121 1380 1182 pro·

102 1224 191 1288 dats
228 1222 322 1287 Quae
347 1223 536 1305 conjectura
561 1221 637 1285 inde
661 1244 816 1305 magnam
840 1221 933 1285 ducii
956 1221 1026 1284 veri
1051 1221 1213 1305 speciem,
1240 1219 1330 1303 qnod
1350 1239 1380 1281 re

102 1365 178 1417 vera
197 1343 231 1406 in
252 1342 319 1406 illis
340 1351 468 1416 Taisiai<
486 1343 593 1405 multa
613 1342 653 1406 de
674 1342 799 1425 Zagreo
821 1342 956 1425 ejusque
978 1363 1058 1406 nece
1079 1364 1099 1404 a
1118 1339 1295 1404 Titanibus
1315 1359 1379 1422 per·

101 1470 231 1548 petrata
250 1463 356 1526 relaba
379 1483 451 1526 osse
473 1461 626 1526 Clemens
647 1462 892 1525 Alexandrinus
916 1469 950 1525 et
971 1461 1136 1525 Diodorus
1158 1460 1292 1524 Siculus
1315 1480 1379 1521 nar·

101 1589 187 1646 rani·
219 1583 310 1645 Haec
333 1581 420 1645 enlm
441 1581 497 1644 ille
519 1581 661 1644 iradli=³
685 1590 727 1650 Tol
748 1588 872 1650 Διονύσου
893 1591 1026 1668 μυστήρια
1045 1590 1137 1649 τέλεον
1156 1589 1343 1666 ἀπάνθρωπα·
1356 1588 1380 1646 δν

103 1709 183 1771 εἰσέτι
196 1715 280 1771 παῖδα
296 1706 360 1770 ὄντα
375 1711 478 1789 ἐνόπλῳ
494 1711 593 1786 κινήσει
606 1710 834 1791 περιχορευόντων
846 1709 1004 1788 Κουρήτων,
1017 1709 1089 1788 δόλῳ
1104 1711 1134 1769 δὲ
1146 1707 1301 1768 ὑποδόντων
1312 1707 1380 1767 Τιτά-

102 1856 166 1902 νων,
186 1829 369 1906 ἀπατήσαντες
382 1829 587 1908 παιδαριώδεσιν
602 1828 750 1907 ἀθόρμασιν
765 1827 836 1889 οὗτοι
852 1832 885 1906 δὴ
902 1830 927 1890 οἱ
941 1829 1050 1895 Τιτᾶνες
1064 1829 1225 1900 διέσπασαν,
1246 1826 1285 1887 ἔτι
1299 1826 1380 1904 νηπία·

103 1972 152 2030 χον
167 1944 241 2020 ὄντα,
256 1950 294 2014 ὡς
308 1950 322 2008 ὁ
337 1954 396 2026 τῆς
409 1944 712 2027 τελετῆςὊρφεός
727 1972 805 2025 φησιν
819 1950 834 2008 ό
850 1947 976 2028 θρᾴκιος·

375 2069 457 2119 κῶνος
474 2061 519 2112 καὶ
539 2059 633 2132 ῥόμβος
650 2059 695 2112 καὶ
712 2059 815 2130 παίγνια
833 2059 1002 2131 καμπεσίχυια

378 2163 451 2234 μῆλά
469 2182 498 2215 τε
516 2163 615 2235 χρύσεα
632 2162 702 2215 καλοὶ
719 2160 781 2235 παρ’
797 2160 955 2235 Ἑσπερίδων
972 2163 1129 2235 λιγυφώνων.

103 2274 147 2333 καὶ
161 2276 266 2352 τῆσδε
282 2274 358 2353 ὑμῖν
371 2280 430 2351 τῆς
443 2277 587 2352 τελετῆς
600 2275 635 2333 τὰ
651 2275 747 2354 ἀχρεῖα
762 2272 885 2352 σύμβολα
900 2273 950 2333 οὐκ
962 2273 1070 2355 ἀχρεῖον
1082 2271 1120 2339 εἰς
1131 2274 1296 2351 κατάγνωσιν
1305 2293 1382 2349 παρα-

103 2394 211 2454 θέσθαι·
233 2393 409 2472 ἀστράγαλος,
425 2398 534 2472 σφαῖρα,
550 2394 695 2472 στρόβιλος,
711 2398 798 2473 μῆλα,
816 2390 929 2472 ῥόμβος,
945 2393 1088 2472 ἔσοπτρον,
1102 2393 1193 2458 πόκος.
1222 2389 1329 2470 Ἀθηνᾶ
1344 2391 1384 2468 μὲν
1408 2388 1410 2392 “

105 2508 151 2571 οὖν
164 2514 212 2590 τὴν
226 2513 336 2590 καρδίαν
349 2517 396 2574 τοῦ
408 2511 532 2573 Διονύσου
548 2513 711 2592 ὑφελομένη,
724 2513 833 2580 Παλλὰς
847 2514 878 2573 ἐκ
891 2518 940 2574 τοῦ
955 2513 1064 2573 πάλλειν
1077 2514 1125 2590 τὴν
1137 2512 1249 2591 καρδίαν
1260 2533 1383 2590 προσηχο

104 2629 204 2710 ρεόθη·
219 2631 244 2691 οἱ
259 2633 289 2691 δὲ
303 2632 420 2706 Τιτᾶνες,
435 2633 459 2692 οἱ
474 2633 518 2692 καὶ
534 2634 728 2698 διασπάσαντες
743 2632 823 2693 αὐτὸν
838 2633 939 2712 λέβητά
953 2656 1009 2693 τινα
1024 2633 1126 2710 τρίποδι
1141 2631 1277 2698 ἐπιθέντες
1288 2630 1332 2690 καὶ
1341 2631 1382 2689 τοῦ

104 2749 244 2811 Διονοόσυυ
259 2752 419 2829 ἐμβαλόντες
433 2753 467 2813 τὰ
488 2753 572 2830 μέλη,
591 2751 734 2830 καθήψουν
752 2752 894 2830 πρότερον·
916 2751 1007 2812 ἔπειτα
1027 2752 1174 2828 ὀβελίσκοις
1193 2748 1384 2828 περιπείοαντες

104 2869 246 2952 ὑπείρεχον
264 2867 419 2950 Ἡφαίστοιο
443 2864 496 2946 (H.
517 2868 552 2940 2,
570 2865 657 2966 426).
695 2871 764 2938 Ζεὺς
779 2873 809 2931 δὲ
829 2871 938 2950 ὕστερον
956 2871 1103 2949 ἐπιφανεὶς,
1124 2867 1148 2929 sl
1167 2871 1233 2937 θεὸς
1255 2868 1302 2948 ἦν,
1320 2870 1383 2949 τάχα

390 3040 531 3047 .-.-..-.-

172 3150 181 3181 ¹
199 3155 299 3205 Herod.
324 3156 386 3214 VII,
406 3160 420 3204 6
440 3156 473 3205 cf.
497 3156 527 3214 1⁷,
547 3161 587 3216 90,
609 3161 658 3217 933
679 3157 754 3205 Clam.
775 3157 831 3213 At,
851 3155 945 3205 strom.
966 3157 990 3214 I,
1009 3158 1057 3203 397
1077 3157 1117 3205 ed.
1132 3157 1238 3205 Potior.-
1256 3151 1315 3208 τοὺς
1332 3149 1381 3202 ἀνα·

103 3238 257 3310 φερομένους
284 3239 320 3297 είς
345 3236 477 3292 Μουσαῖον
504 3239 638 3312 χρησμοὺς
662 3236 848 3311 Ὀνομακρίτου
875 3237 941 3291 εἶναι
967 3238 1088 3308 λέγουσιν.
1137 3238 1304 3304 Quamquam
1329 3238 1382 3289 Lo·

103 3324 237 3372 beokius
257 3339 365 3386 versum,
385 3327 428 3388 qui
448 3341 481 3375 ex
498 3324 595 3390 Orphei
613 3327 739 3374 vaticiniis
760 3333 875 3389 sumptus
894 3325 1018 3385 videatur,
1038 3325 1111 3373 affert
1130 3325 1206 3391 (Api.
1222 3343 1253 3391 p.
1274 3327 1332 3382 237,
1349 3319 1385 3372 Ily

104 3410 163 3459 coll.
180 3428 210 3474 ρ.
230 3415 290 3470 410,
309 3412 450 3476 XXXVI)
470 3420 495 3461 et
512 3411 716 3461 Mullachius
735 3411 842 3460 alterurn
865 3410 952 3459 nescio
971 3424 1023 3472 quo
1041 3409 1095 3458 iure
1114 3410 1186 3458 addit
1205 3411 1237 3472 (i.
1258 3426 1281 3459 ο.
1301 3411 1325 3468 Ι,
1344 3410 1380 3456 189

97 3497 199 3560 fragm.
219 3496 311 3556 LVII,
328 3514 353 3546 ο.
374 3498 462 3559 6-7).
500 3496 552 3548 Sed
569 3497 739 3547 Philochorus
757 3498 829 3546 illum
847 3511 949 3545 versum

380 3576 417 3633 Oi
436 3600 474 3633 τοι
493 3582 624 3654 ἀριστερός
642 3582 696 3650 εἰμι
714 3579 868 3653 θεοπροπίας
888 3578 1054 3651 [ἀναφαίνειν]

103 3679 155 3714 non
179 3667 241 3716 dicit
266 3681 298 3716 ex
323 3665 483 3728 ,‚Oraeulis“
509 3667 605 3733 Orphei
631 3670 809 3731 depromptum
833 3681 898 3726 esse,
922 3667 967 3715 sed
990 3667 1095 3716 omnino
1113 3681 1147 3716 ex
1166 3667 1320 3730 quibusdam
1338 3664 1381 3727 ejns

103 3750 288 3820 ,,ποιήμασιν“.
326 3750 400 3812 Quae
425 3753 529 3816 quidem
552 3753 617 3801 mihi
641 3753 728 3816 potius
750 3752 795 3801 illa
819 3750 934 3815 Orphica
949 3746 1035 3823 Ἔργα
1057 3751 1103 3803 καὶ
1123 3748 1239 3823 Ἡμέραι
1262 3754 1302 3802 vel
1324 3747 1381 3801 aliud

104 3854 206 3891 carmen
225 3843 256 3892 de
274 3843 364 3892 diebus
382 3843 483 3904 faustis,
503 3843 575 3903 atris,
595 3843 723 3906 religiosis
743 3843 816 3907 (Api.
832 3860 862 3907 p.
881 3847 929 3891 411
944 3840 995 3907 sq.)
1014 3841 1131 3889 videntur
1148 3838 1241 3889 fuisse.

170 3922 181 3953 ί
198 3927 229 3975 In
248 3925 344 3977 Suidae
364 3929 481 3992 catalogo
501 3942 584 3991 nuper
602 3943 618 3975 a
636 3926 782 3976 Gaisfordio
801 3942 835 3976 ex
852 3929 909 3976 cod.
930 3927 1048 3977 Parisino
1065 3925 1091 3974 A
1108 3932 1168 3988 post
1185 3925 1265 3974 rerba
1285 3917 1380 3989 Ὀνομα-

104 4007 196 4068 στικόν,
216 4007 265 4079 ἔπη
287 3999 325 4080 φά
349 4013 462 4062 additum
489 4028 559 4062 esse:
587 4008 731 4082 Θεογονίαν,
757 4011 806 4082 ἔπη
833 4000 880 4081 φιά,
903 4015 955 4062 ism
973 4028 1050 4076 supra
1071 4011 1199 4060 monitum
1218 4018 1266 4060 est.
1302 4009 1381 4069 Itaque

104 4109 156 4143 non
174 4095 226 4143 iam
250 4098 321 4158 queri
344 4098 413 4155 licet,
439 4100 465 4146 in
489 4099 612 4162 catalogis
638 4099 790 4162 scriptorum
810 4096 979 4162 Orphicorum
997 4096 1177 4160 Theogoniam
1200 4096 1304 4144 silentio
1320 4103 1382 4156 prae·

105 4180 184 4241 terni,
203 4182 252 4229 nisi
272 4183 329 4244 quis
347 4190 426 4245 putet.
451 4185 496 4232 illa
517 4184 595 4232 verba
613 4183 645 4232 ab
670 4184 758 4246 aliquo
775 4184 879 4232 librario
896 4183 1049 4246 interposita
1067 4196 1133 4242 esse,
1160 4182 1203 4244 qui
1224 4182 1292 4244 qnod
1309 4178 1382 4229 Theo

103 4267 189 4329 genia,
210 4266 324 4315 omnium
343 4266 513 4330 Orphicorum
532 4270 673 4318 carminum
692 4268 835 4330 notissima,
855 4270 956 4318 deesset
973 4269 1080 4317 miratus
1099 4267 1141 4316 sit.

170 4348 331 4416 ³Protrepi.
346 4369 377 4416 μ.
401 4357 429 4400 15
449 4355 519 4402 Poit.
