2986 4800
658 199 829 297 ..1³-

109 398 255 463 carminis
272 422 338 463 non
354 400 441 463 sicut
456 401 497 464 ab
513 401 658 465 Homero
675 408 709 465 et
724 401 870 465 Hesiodo
887 400 1086 486 descriptam
1103 424 1174 466 esse
1190 404 1385 467 horrendam

107 526 307 583 mortuorum
324 529 470 599 δέσποιναν,
488 521 547 585 sed
563 543 628 583 unu
644 542 719 583 cum
731 522 874 584 Plutone
890 521 984 584 deam
1001 531 1136 607 μελίβοιον
1152 528 1186 585 et
1201 522 1386 586 fertilitatis

105 644 286 722 patronam.
313 638 412 702 Quod
428 638 456 701 si
470 639 520 703 ita
535 647 596 717 est,
618 640 718 703 etiam
735 639 903 704 Eleusinia
919 662 1011 703 sacra
1027 639 1057 703 ei
1071 662 1137 703 non
1152 641 1268 723 ignota
1283 641 1386 705 fuisse

105 757 261 841 sequitur.
288 758 362 821 Hoc
378 764 488 822 autem
505 759 583 822 dato
600 759 780 822 secundum
796 760 947 842 regulam
962 760 1059 823 modo
1076 760 1277 844 propositam
1294 767 1386 825 aetas

105 877 170 960 ejus
190 878 358 941 recentior
372 876 539 942 Hesiodea
553 878 759 942 aestimanda
774 878 848 943 erit.
893 879 1013 962 Itaque
1029 879 1190 942 Herodoti
1206 880 1265 962 (II,
1283 882 1335 962 53)
1352 886 1387 944 et

104 995 318 1061 Aristotelis¹
349 997 534 1061 sententiae
564 998 838 1061 subscribendum
865 1004 947 1081 puto
978 997 1239 1062 existimantium
1261 1004 1388 1067 Ἧοίοδον

103 1125 142 1184 καλ
158 1121 287 1203 Ὅμηρον
308 1124 370 1190 τοὺς
392 1126 551 1202 ποιήσαντας
573 1126 711 1203 θεογονίην
735 1123 849 1203 Ἕλλησι
874 1116 975 1180 fuisse
995 1125 1058 1191 τοὺς
1078 1128 1108 1186 δὲ
1130 1127 1259 1204 πρότερον
1277 1125 1388 1203 ποιητὰς

103 1244 258 1322 λεγομένους
285 1239 390 1304 τούτων
417 1249 471 1304 τῶν
500 1246 601 1322 ἀνδρῶν
630 1246 753 1321 γενέσθαι
783 1235 881 1319 (inber
911 1258 992 1318 quos
1019 1237 1173 1318 Orpheus
1203 1237 1386 1318 habendus)

103 1362 211 1441 ὕστερον
233 1365 366 1440 γενέσθαι.
411 1354 447 1418 Si
470 1354 573 1437 igitur
599 1354 762 1418 Hesiodus
787 1354 1037 1438 quadringentis
1061 1355 1154 1418 aunis
1180 1361 1257 1419 ante
1281 1355 1386 1417 Hero-

104 1473 217 1537 dotum
248 1473 343 1552 vixit,
370 1474 517 1558 Orphica
540 1474 732 1558 Theogonis
761 1483 855 1557 post
884 1474 1052 1538 medium
1083 1474 1286 1538 saeculum
1316 1497 1385 1536 no-

107 1616 188 1655 num
219 1592 346 1676 scripta
367 1600 429 1657 est.
478 1594 562 1657 Cum
587 1601 699 1657 autem
725 1600 859 1678 propter
883 1593 1066 1678 simplicem
1091 1594 1161 1677 ejus
1185 1599 1386 1679 structuram

105 1719 136 1776 et
158 1712 329 1777 doctrinas
355 1712 503 1796 exceptis
533 1711 645 1797 primis
669 1713 870 1797 pantheismi
899 1721 934 1777 et
958 1713 1118 1798 mysticae
1142 1712 1385 1798 superstitionis

103 1831 254 1916 vestigiis
269 1855 336 1896 non
350 1833 465 1916 procul
481 1834 697 1897 abhorrentes
718 1833 758 1896 ab
775 1833 912 1897 Homeri
932 1840 966 1896 et
981 1833 1120 1897 Hesiodi
1135 1833 1306 1915 theologia
1321 1854 1387 1895 non

102 1951 281 2016 verisimile
297 1951 351 2030 sit,
369 1951 432 2016 iam
449 1952 484 2016 in
500 1975 537 2015 ea
554 1951 731 2015 omniailla
741 1952 897 2035 Orphica,
916 1973 998 2035 quae
1011 1953 1187 2036 postmodo
1198 1952 1385 2030 dictasunt,

101 2072 260 2155 dogmata
275 2071 316 2135 de
337 2071 503 2135 aetatibus
518 2071 642 2149 mundi,
666 2071 706 2134 de
728 2071 934 2134 saeculorum
955 2071 1240 2149 conversionibus,
1263 2072 1304 2134 de
1326 2071 1386 2133 mi-

100 2192 254 2274 gratione
270 2190 466 2269 animarum,
489 2191 529 2254 de
546 2190 761 2254 microcosmo
779 2196 813 2254 et
828 2212 1052 2254 macrocosmo
1068 2190 1213 2273 prolixe*
1235 2189 1387 2273 exposita

102 2310 215 2388 luisse,
234 2310 294 2374 sed
309 2332 348 2383 ea
363 2311 473 2393 potius
491 2333 564 2374 cum
580 2310 783 2374 Lobeckio
800 2311 892 2393 (Agl.
904 2311 941 2372 ΙΙ
951 2333 984 2394 p.
997 2312 1070 2392 alo)
1081 2309 1115 2373 in
1131 2310 1284 2388 carmina,
1303 2331 1385 2392 quae
1415 2368 1422 2383 ,

98 2430 367 2494 inscribebantur
382 2435 541 2516 Κατάβασις
560 2437 599 2504 εἰς
620 2435 698 2516 abeo,
714 2438 839 2508 Τελεταί,
861 2438 996 2520 Βακχικά,
1018 2439 1134 2507 occist,
1157 2439 1281 2517 Σωτήρια
1301 2428 1384 2492 rele-

99 2552 211 2634 ganda
234 2550 420 2628 videantur,
447 2548 587 2613 fortasse
612 2549 646 2612 in
668 2549 854 2613 delinienda
879 2556 989 2613 aetate
1015 2549 1159 2612 auctoris
1183 2547 1288 2613 nostri
1309 2571 1385 2611 non

99 2827 216 2891 Apollini
242 2827 320 2876 enixa
338 2828 393 2876 est?
415 2828 503 2875 Musas
522 2825 640 2886 fortasse,
666 2826 687 2874 si
711 2825 788 2874 verba
805 2825 908 2874 Proculi
932 2825 1026 2874 ibidem
1044 2826 1173 2888 apposita:
1201 2823 1219 2892 λη
1239 2819 1313 2894 Κόρη

100 2910 204 2981 λέγεται
227 2911 296 2964 κατὰ
320 2912 367 2981 τὴν
391 2918 437 2982 τῆς
457 2909 620 2983 Περσεφόνης
637 2909 738 2980 γόνιμον
757 2910 863 2978 δύναμιν
887 2907 1056 2962 συνάπτεσθαι
1078 2914 1116 2979 τῷ
1137 2907 1215 2982 τρίτῳ
1239 2908 1386 2979 δημιουργῷ

99 2997 142 3048 οιαὶ
160 2994 264 3059 τίκτειν,
285 2998 321 3054 ὥς
337 3015 413 3070 φησιν
430 2992 539 3068 Ὀρφεύς

399 3079 489 3135 Ἐννέα
507 3079 650 3153 θυγατέρας
667 3081 848 3151 γλαυκώπιδος
865 3077 1057 3151 ἀνθεσιουρηούς

100 3171 130 3218 de
153 3169 286 3232 Apollinis
313 3178 339 3219 et
361 3170 542 3232 Persephonae
568 3169 691 3230 coniugio
714 3167 880 3229 intelligenda
906 3167 965 3215 siut.
1004 3164 1054 3214 Sed
1078 3166 1175 3225 obstat,
1204 3165 1272 3227 quod
1295 3164 1385 3214 tertius

100 3256 247 3320 demiurgus
266 3256 341 3304 Pluto
364 3271 421 3305 esse
443 3256 508 3304 solet
531 3256 603 3321 (Αρῑ.
620 3273 649 3320 ρ.
671 3259 719 3302 549
738 3256 773 3303 Ν.
794 3252 839 3317 t.),
877 3251 996 3301 Ceterum
1018 3265 1070 3300 non
1087 3251 1254 3299 iniucundum
1278 3250 1384 3312 videtur,

100 3341 120 3388 si
146 3340 217 3390 Cora
244 3343 321 3389 modo
347 3339 401 3389 Soli
428 3342 505 3389 modo
525 3341 593 3391 Orco
621 3337 713 3409 σνοτλιρ
737 3341 855 3402 nupsisse
883 3338 1014 3387 dicebatur
1041 3338 1086 3401 (cf.
1105 3339 1177 3388 Plat.
1197 3340 1239 3388 De
1256 3340 1303 3387 ΕΙ
1316 3340 1386 3404 apud

100 3429 215 3492 Delphos
231 3427 315 3477 XXI:
334 3425 437 3495 λέγεται
454 3424 501 3498 γὰρ
521 3425 534 3478 t
557 3427 605 3495 μὲν
621 3421 770 3485 Ἀπόλλων,
795 3425 808 3478 t
829 3425 857 3477 δὲ
877 3421 1013 3476 Πλούτων·
1033 3423 1077 3474 οιαὶ
1095 3422 1108 3475 t
1128 3423 1176 3491 μὲν
1193 3417 1299 3490 Δήλιος,
1323 3421 1336 3474 t
1356 3422 1385 3474 δὲ

98 3508 252 3567 Ἀϊδωνεύς·
278 3511 322 3562 ιιαὶ
341 3510 353 3563 ὁ
373 3512 421 3580 μὲν
439 3509 548 3580 Φοῖβος,
568 3512 581 3564 ὁ
601 3513 629 3564 δὲ
648 3509 764 3569 Σκότιος·
789 3511 834 3563 ναὶ
853 3509 953 3563 ....ὁ
972 3510 1020 3579 μὲν
1039 3507 1150 3580 Θεώριος
1167 3508 1211 3560 καὶ
1230 3504 1351 3568 Φαναῖος,
1371 3508 1384 3560 ὁ

101 3596 129 3648 δὲ
147 3593 251 3652 Νυκτὸς
269 3595 358 3653 ἀϊδνᾶς
377 3595 515 3666 ἀεργηλοῖό
533 3615 561 3648 τε
573 3591 668 3649 Ὕπνου
686 3596 802 3669 νολρανος
819 3596 900 3662 ach).
938 3597 983 3646 Sin
1003 3595 1071 3644 Cora
1089 3596 1114 3643 in
1132 3601 1216 3644 vetere
1234 3594 1386 3657 Theogonis

101 3690 125 3732 et
142 3681 275 3746 Apollinis
300 3689 325 3731 et
343 3682 459 3732 Plutonis
482 3698 548 3731 uxor
570 3690 637 3744 erat,
662 3682 732 3732 nullo
755 3683 831 3732 modo
857 3684 934 3732 etiam
952 3683 1077 3744 Zagrcum
1095 3681 1156 3729 Jovi
1179 3694 1269 3743 parere
1292 3680 1385 3743 potuit.

100 3767 138 3817 Eo
163 3768 234 3817 enim
258 3768 431 3830 impudentiae
456 3769 607 3832 scriptorem
631 3769 798 3831 Theogoniae
822 3768 993 3831 processisse,
1020 3775 1046 3815 ut
1069 3773 1169 3829 praeter
1192 3767 1256 3813 duos
1279 3766 1385 3816 meritos

101 3855 176 3902 etiarn
195 3860 295 3916 petrem
312 3853 439 3902 incestum
458 3854 571 3917 tinxerit,
596 3855 639 3903 vix
657 3854 777 3904 credibile
797 3861 843 3904 est.
880 3855 969 3917 Itaque
988 3853 1025 3901 sic
1048 3866 1149 3915 quoque
1168 3852 1281 3915 Zagreus
1303 3857 1385 3902 exter·

100 3939 236 3987 minandus
254 3939 354 3987 ridetur
371 3955 404 3988 ex
422 3939 580 4002 Theogonis,

169 4023 179 4053 ¹
198 4022 241 4072 Cf.
261 4038 327 4086 quae
346 4039 424 4088 supra
442 4027 559 4087 exposui.

168 4107 289 4158 ²Mundi
314 4116 409 4158 aetates
427 4118 453 4158 et
470 4111 614 4160 animarum
637 4111 801 4175 migrantium
825 4111 940 4174 praemia
964 4118 989 4158 et
1010 4110 1110 4158 labores
1129 4124 1180 4157 non
1199 4125 1265 4173 nego
1288 4110 1384 4159 iamin

101 4196 254 4258 Theogonis
281 4203 482 4243 commemorata
508 4211 573 4245 esse.
622 4196 671 4245 Sed
699 4197 756 4260 ipsa
785 4197 906 4244 carminis
936 4195 1083 4257 theogonici
1114 4195 1225 4244 strictior
1252 4196 1333 4244 forma
1360 4201 1385 4242 et

100 4282 213 4343 pressior
237 4281 358 4329 decursus
382 4281 482 4329 videtur
503 4289 598 4340 vetare,
623 4283 758 4344 quominus
781 4281 905 4342 ejusmodi
927 4280 998 4342 longi
1021 4295 1154 4340 excursus,
1178 4281 1266 4343 quales
1288 4280 1316 4327 in
1334 4279 1384 4328 He·

101 4368 166 4417 siodi
186 4365 316 4429 Operibus
334 4365 431 4425 insunt,
449 4364 594 4415 inserantur
611 4375 750 4429 perpetuae
768 4365 916 4415 narrationi.
