2986 4800
787 179 827 238 50

162 392 275 466 putet,
297 392 336 444 ut
351 382 385 444 in
400 383 487 444 hunc
503 401 640 464 puerum
656 380 784 463 regium
803 379 897 463 quasi
914 379 948 442 in
970 401 1106 464 scopum
1127 380 1335 464 propositum
1355 389 1442 444 totus

164 500 357 584 amplissimi
374 498 525 563 carminis
542 522 736 583 progressus
752 499 967 583 dirigeretur,
989 507 1024 562 et
1040 499 1110 582 ejus
1130 499 1183 562 dei
1200 509 1352 586 παθήματα
1372 524 1443 584 prae

150 620 302 713 'aliorum
318 619 410 683 Jovis
431 619 574 682 filiorum
596 618 673 682 fatis
695 619 964 704 praedicarentur
985 630 1020 682 et
1038 625 1279 698 enarrarentur,
1303 620 1385 683 mihi
1400 643 1442 700 ea,

164 738 296 823 quaein
311 739 576 823 Rhapsodiarum
592 737 788 822 fragmentis
805 745 1104 802 commemorantur
1123 739 1163 802 de
1180 739 1317 802 deorum
1333 741 1451 824 Olym·

162 859 310 941 picorum
327 869 403 921 ortu
419 869 453 921 et
470 858 658 935 connubiis,
682 858 831 941 quamvis
847 857 915 921 sint
929 879 1034 942 pauca
1043 861 1065 937 ¹,
1087 866 1200 922 tamen
1220 859 1316 943 plura
1337 859 1443 923 viden·

162 986 218 1040 tur
234 999 321 1055 esse,
345 1000 442 1060 quam
459 999 542 1059 quae
563 976 632 1040 sine
654 977 890 1062 impedimento
912 978 1074 1061 ejusmodi
1094 977 1231 1041 carmini
1249 978 1442 1043 intertexere

163 1095 295 1160 licuerit
302 1121 311 1172 ;
335 1118 441 1180 neque
459 1097 573 1175 Plato,
596 1097 654 1160 ubi
675 1097 708 1159 in
728 1096 861 1160 Timaeo
883 1097 1031 1180 singulas
1052 1097 1217 1182 Orphicae
1238 1098 1441 1182 Theogoniae

164 1215 334 1298 dynastiae
351 1216 536 1293 recenset,²
557 1216 720 1299 Zagreum
737 1217 870 1280 silentio
886 1217 1065 1298 praeterire
1080 1218 1135 1280 vel
1150 1217 1259 1281 verbis
1280 1227 1319 1287 ἔτι
1340 1250 1371 1287 τε
1389 1224 1442 1287 rol·

163 1367 216 1403 των
231 1343 328 1410 ἄλλους
342 1345 463 1421 ἐκγόνους
478 1335 586 1400 obiter
600 1344 732 1400 tantum
748 1335 834 1399 inter
850 1337 990 1399 aliorum
1008 1336 1185 1401 liberorum
1202 1336 1295 1401 Jovis
1314 1359 1440 1421 gregem

163 1454 349 1537 significare
364 1456 487 1539 potuit.

249 1574 369 1658 ltaque
385 1597 451 1638 nou
467 1597 665 1657 magnopere
682 1598 836 1659 gravarer
847 1575 966 1658 Zagrei
980 1575 1140 1639 iacturam
1157 1575 1278 1654 facere,
1289 1576 1355 1639 nisi
1368 1597 1438 1660 quae

163 1692 238 1757 inde
255 1702 437 1777 sequuntur
454 1694 534 1759 mihi
549 1694 693 1777 aliquam
708 1718 833 1758 moram
848 1695 1019 1759 inferrent.
1050 1696 1085 1759 Si
1101 1695 1188 1759 enim
1203 1696 1324 1778 Zagrei
1340 1695 1441 1760 fabula

165 1834 206 1875 ex
227 1820 338 1876 vetere
360 1813 552 1896 Theogonia
574 1814 751 1890 eximatur,
774 1821 848 1878 tota
869 1815 965 1877 nobis
988 1823 1119 1878 corruet
1139 1814 1199 1879 illa
1220 1815 1441 1879 coniecturae

164 1932 373 1995 Lobeckio
390 1955 517 1996 summo
535 1934 684 1997 acumine
701 1941 735 1998 et
750 1933 917 1998 immensis
937 1934 1107 1997 laboribus
1128 1935 1362 2014 exaedificata,
1385 1957 1440 2018 qua

164 2051 391 2134 Theogoniam
407 2053 585 2137 Orphicam
602 2055 643 2118 ab
661 2054 874 2118 Onomacrito
892 2054 1049 2137 scriptam
1065 2076 1137 2117 esse
1152 2055 1292 2138 probare
1308 2054 1441 2118 studuit.

165 2170 258 2234 Quae
284 2171 428 2236 enimin
453 2175 538 2237 hanc
563 2173 763 2237 seutentiam
788 2173 953 2257 disputat,
981 2173 1091 2236 omnia
1114 2176 1178 2236 huc
1203 2173 1271 2238 fere
1296 2174 1440 2238 redeunt.

164 2290 307 2355 Fabulae
325 2292 365 2355 de
380 2292 498 2409 Zagrei
513 2300 620 2355 morte
635 2293 765 2356 nullum
780 2301 858 2357 ante
875 2292 1081 2356 Onomacriti
1098 2299 1249 2376 tempora
1270 2293 1443 2377 vestigium

163 2409 318 2485 inveniri;
337 2410 448 2493 itaque
464 2411 629 2475 versimile
647 2433 728 2489 esse,
747 2412 984 2495 Theogoniam,
1001 2412 1059 2476 ubi
1076 2435 1113 2476 ea
1128 2412 1223 2490 insit,
1240 2413 1327 2476 illud
1342 2413 1441 2496 ipsum

163 2553 235 2594 esse
252 2552 392 2608 carmen,
414 2532 501 2613 quod
518 2531 751 2595 Onomacritus
768 2532 950 2595 secundum
963 2531 1162 2597 Pausaniam
1178 2533 1220 2595 ad
1236 2533 1444 2615 explicandos

164 2671 329 2713 sacrorum
345 2650 585 2714 Bacchicorum
599 2652 654 2743 vel
668 2652 889 2738 Orphicorum
904 2652 958 2715 vel
974 2651 1114 2734 denique
1130 2651 1351 2736 Phrygiorum
1365 2652 1443 2715 ritus

164 2769 405 2853 conscripserit.
439 2771 567 2834 Quodsi
581 2772 727 2854 Zagreus
747 2793 788 2834 ex
806 2779 917 2834 vetere
936 2770 1128 2853 Theogonia
1149 2772 1367 2854 expellendus
1386 2777 1441 2848 est,

163 2912 229 2952 non
244 2888 356 2967 video,
381 2913 443 2973 quo
466 2890 566 2953 titulo
588 2890 622 2954 in
643 2892 731 2953 hunc
753 2889 858 2953 omnis
880 2889 1049 2953 Minervae
1072 2890 1240 2954 hominem
1261 2890 1297 2954 id
1320 2910 1443 2974 quoquc

162 3009 296 3073 honoris
317 3010 521 3088 conseratur,
546 3009 633 3093 quod
658 3010 889 3110 celeberrimae
911 3009 1075 3092 Orphicae
1096 3010 1310 3093 Theogoniae
1334 3018 1442 3074 auctor

163 3129 217 3191 sit.
251 3128 309 3191 Sin
326 3150 364 3191 ea
381 3128 602 3207 Onomacriti,
623 3152 689 3192 non
704 3128 752 3192 ita
769 3129 900 3192 obscuri
916 3129 1041 3192 saeculi
1056 3129 1215 3207 hominia,
1236 3153 1354 3193 manus
1371 3129 1441 3193 effu·

162 3247 259 3329 gerit,
275 3270 439 3309 summum
456 3248 517 3312 erit
533 3248 726 3332 periculum,
742 3270 783 3311 ne
800 3249 834 3311 in
849 3247 1117 3331 praecedentium
1133 3250 1341 3312 saeculorum
1357 3256 1439 3312 tene·

162 3366 239 3429 bras
259 3367 452 3449 submergat
472 3388 649 3450 rursusque
671 3376 749 3430 ante
773 3369 886 3430 oculos
906 3375 1039 3431 nostros
1058 3375 1207 3452 emergat
1232 3367 1303 3432 veri
1323 3365 1440 3452 Orphei

161 3484 287 3570 species
311 3484 398 3548 viros
422 3486 539 3550 doctos
563 3486 670 3551 denuo
695 3510 761 3550 una
786 3510 861 3551 cum
883 3487 1029 3551 Homero
1055 3495 1089 3551 et
1112 3473 1259 3551 Hesiodo
1285 3484 1440 3552 venaturi,

161 3606 395 3670 Quaerendum
419 3605 522 3690 igitur
547 3613 614 3684 est,
640 3630 719 3670 num
743 3612 874 3689 praeter
897 3607 1015 3690 Zagrei
1038 3607 1185 3671 fabulam
1215 3607 1281 3670 alia
1309 3602 1439 3672 inveniri

160 3726 290 3810 possint
312 3724 449 3805 indicia,
475 3747 557 3809 quae
582 3726 809 3809 Theogoniam
834 3726 1014 3810 Orphicam
1037 3735 1130 3790 trans
1155 3725 1438 3790 Pisistradidarum

162 3866 279 3908 aevum
301 3847 448 3930 relegare
472 3868 532 3909 nos
555 3853 682 3908 vetent.
726 3846 761 3908 Si
784 3845 869 3910 enim
894 3847 993 3931 hujus
1018 3845 1170 3909 carminis
1194 3845 1340 3928 origines
1364 3839 1437 3908 sexti

163 3964 286 4026 saeculi
314 3966 520 4050 temporibus
552 3964 645 4048 quasi
674 3964 824 4027 terminis
855 3965 1123 4029 circumscribere
1154 3965 1350 4049 contingat,
1381 3982 1437 4026 non

163 4081 413 4165 desperandum,
432 4086 512 4162 fore,
530 4092 569 4147 ut
585 4085 741 4148 adversus
757 4083 816 4146 illa
831 4083 1023 4148 testimonia
1039 4108 1136 4171 supra
1152 4084 1255 4149 allata
1270 4106 1393 4160 rursus,
1410 4077 1440 4142 id

232 4251 320 4319 ¹A9l.
336 4273 366 4321 p.
387 4261 435 4306 540
448 4274 485 4322 sq.

230 4338 300 4391 ²Cf.
321 4357 397 4407 supra
415 4345 437 4406 ξ.
458 4349 482 4391 2.
