2986 4800
728 173 768 235 24

103 375 439 454 manifestumest,
457 351 709 458 ‹suaeeunque
725 375 1218 458 argumentaexlocisinde
1235 376 1391 441 aNocte

104 495 207 558 infra
236 495 379 579 positis
404 502 650 579 repetantur,
680 517 777 558 vana
802 516 885 558 esse
910 503 949 559 et
973 494 1129 559 infirma
1154 494 1198 559 ad
1223 495 1392 559 omnium

104 614 250 678 veteris
273 622 311 677 et
331 613 590 698 rhapsodieae
612 596 863 696 Theogo'niae
884 614 1052 698 partium
1076 614 1392 679 convenientiam

105 733 445 816 comprobandam,
473 754 547 796 cum
568 754 664 796 nemo
691 733 837 811 dubitet,
864 733 940 796 illos
961 736 1002 797 ab
1028 735 1267 819 interpolatore
1289 756 1392 819 paene

103 853 248 917 intactos
259 859 408 916 servatos
416 873 500 914 esse.
518 851 698 933 Utriusque
707 860 819 915 autem
829 853 958 935 generis
966 853 1392 917 testimoniaLobeckius

103 972 288 1056 promiscue
311 970 458 1054 apponit,
483 992 565 1053 quae
582 992 669 1033 nune
691 969 852 1034 divisione
868 980 1022 1036 accurate
1043 972 1133 1036 faeta
1153 973 1300 1037 breviter
1319 994 1392 1056 per·

104 1091 277 1174 stringam.

191 1209 338 1273 Primum
353 1209 457 1293 igitur
472 1231 513 1273 ex
527 1209 579 1287 iis,
603 1231 686 1291 quae
702 1209 848 1272 Noctem
863 1211 1077 1290 antecedunt,
1094 1219 1226 1296 praeter
1241 1233 1293 1290 ea,
1310 1233 1392 1293 quae

103 1329 168 1392 iam
200 1352 297 1413 snpra
328 1328 596 1407 commemoravi,
629 1329 772 1393 occurrit
802 1330 1005 1414 prooemium
1036 1329 1189 1394 carminis
1220 1353 1239 1394 a
1264 1331 1391 1394 Joanne

102 1449 442 1533 MalelaByzantin0¹
459 1456 676 1512 asservatum.
702 1449 844 1513 Gravem
860 1451 1026 1513 mehercle
1042 1449 1295 1514 auctoritatem!
1320 1450 1390 1514 Nee

103 1568 224 1632 desunt
248 1568 332 1631 aliae
357 1590 486 1651 quoque
512 1590 644 1646 causae,
675 1569 794 1651 quibus
820 1569 983 1632 adductus
1012 1569 1083 1652 ipse
1107 1568 1335 1633 Lobeokius
1358 1569 1391 1633 id

102 1687 136 1751 in
158 1687 378 1771 suspicionem
399 1708 517 1750 vocare
538 1687 720 1751 videatur.²
747 1725 778 1734 -
805 1689 995 1752 Succedunt
1016 1710 1065 1766 ea,
1089 1710 1171 1772 quae
1192 1688 1234 1752 de
1258 1688 1391 1752 Chrono

104 1807 229 1891 Orphei
244 1806 431 1870 traduntur.
460 1808 508 1868 At
523 1828 564 1870 ne
580 1807 632 1869 his
649 1806 781 1889 quidem
797 1807 963 1890 antiquior
977 1808 1076 1871 testis
1093 1807 1279 1892 opitulatur
1294 1831 1391 1892 quam

102 1927 275 1989 Proculus
322 1925 456 1988 Etenim
477 1925 689 1989 Aristotelis³
716 1927 815 1990 verba
843 1934 897 1995 εἰσί
918 1959 984 2002 τινες
1005 1935 1033 1995 ol
1056 1959 1134 2014 φασιν
1159 1935 1239 1996 οὐθὲν
1268 1937 1392 2014 ἀγένητον

104 2052 166 2114 εἶναι
185 2061 237 2114 τῶν
251 2054 424 2132 πραγμάτων,
446 2055 515 2114 ἀλλὰ
529 2055 615 2114 πάντα
633 2055 776 2132 γίγνεσθαι,
796 2057 926 2134 γενόμενα
941 2058 972 2116 δὲ
991 2056 1025 2116 τὰ
1046 2057 1094 2132 μὲν
1113 2053 1242 2133 ἄφθαρτα
1264 2056 1392 2133 διαμένειν

101 2175 135 2234 τὰ
151 2176 182 2234 δὲ
197 2171 273 2234 πάλιν
288 2173 458 2252 φθείρεσθαι,
480 2174 596 2251 μάλιστα
613 2176 660 2252 μὲν
675 2176 699 2234 oi
719 2175 780 2252 περὶ
791 2173 927 2248 Ἡσίοδον,
949 2173 1007 2235 εἶτα
1022 2176 1133 2235 καὶτῶν
1147 2174 1238 2235 ἄλλων
1253 2175 1279 2235 ol
1292 2170 1392 2254 πρῶται

103 2294 340 2372 φυσιολογήσανπες
364 2284 404 2347 de
431 2285 564 2366 Orpheo
590 2284 670 2362 dioi,
696 2307 786 2349 mera
810 2284 971 2369 Simplicii
997 2287 1187 2369 conjectura
1212 2293 1267 2349 est
1291 2286 1390 2348 adno-

92 2403 224 2484 ,rantis
247 2418 299 2471 τῶν
315 2413 345 2470 δὲ
365 2409 454 2470 ἄλλων
468 2412 589 2490 πρώτους
610 2417 799 2490 φυσιολογῆσαι
813 2413 875 2480 τοὺς
894 2414 955 2492 περὶ
967 2411 1071 2492 Ὀρφέα
1091 2413 1136 2473 καὶ
1151 2411 1290 2474 Μουσαῖον
1306 2414 1390 2491 Ιλέγειν

104 2530 183 2605 εἰκός,
197 2531 288 2597 αἵτινες
302 2532 370 2607 πλὴν
383 2533 431 2590 τοῦ
446 2531 554 2608 πρώτου
569 2531 655 2590 πάντα
670 2506 934 2608 γενέσθαίλέγουαιν.
969 2525 1015 2586 Et
1030 2531 1068 2586 ut
1090 2523 1130 2587 de
1147 2524 1284 2607 Orpheo
1300 2523 1389 2587 dieta

103 2641 181 2719 sint,
199 2639 272 2723 quis
288 2648 446 2725 praestat,
464 2639 548 2705 illud
564 2650 689 2728 ἀγένητον
705 2641 874 2705 Chronum
890 2644 981 2733 esse?
1005 2642 1104 2727 Apud
1120 2641 1317 2721 Hesiodum,
1336 2641 1389 2725 qui

102 2759 233 2823 nomine
257 2761 427 2840 laudatur,
459 2761 568 2824 Chaos
593 2769 661 2837 est3
694 2783 751 2824 our
775 2760 879 2845 igitur
908 2762 995 2844 apud
1020 2763 1190 2846 Orpheum
1214 2763 1295 2825 Nox
1320 2782 1389 2826 esse

26 2860 32 2871 ⁸
101 2902 168 2942 non
189 2886 313 2963 potest,
337 2903 435 2963 quam
456 2880 489 2944 in
506 2880 747 2965 Metaphysicis
763 2880 980 2945 Aristotelem
1003 2883 1044 2945 ab
1065 2881 1160 2944 initio
1176 2881 1389 2965 Theogoniae

4 3028 17 3049 ·
103 2999 266 3083 Orphieae
296 3021 418 3085 ponere
450 3023 548 3085 supra
577 3000 777 3065 viderimus?
806 3039 838 3048 —
867 3003 968 3064 Porro
995 3001 1104 3064 Chaos
1135 3008 1170 3065 et
1194 3002 1387 3078 Aetherem,

103 3118 227 3182 Chroni
242 3120 380 3202 prolem,
403 3119 485 3184 item
501 3142 567 3183 non
582 3118 646 3183 nisi
662 3120 750 3213 Novi
766 3120 930 3184 Platonici
946 3127 1093 3184 tuentur.
1126 3120 1287 3204 Appuleji
1303 3120 1388 3184 enim

101 3238 238 3300 verba:⁶
267 3239 448 3323 „Orpheus
464 3239 568 3303 Linus
590 3247 625 3303 et
640 3239 806 3302 Hesiodus
822 3241 901 3303 deos
918 3262 958 3303 ex
973 3242 1056 3303 chao
1073 3239 1113 3303 ab
1129 3237 1225 3302 initio
1243 3240 1388 3323 erupisse

102 3355 282 3418 dixerunt“
303 3364 436 3421 nostrae
457 3357 569 3442 potius
591 3380 689 3440 quam
710 3357 901 3423 Lobeckii
923 3357 1108 3423 sententiae
1130 3357 1387 3440 adstipulantur,

102 3498 176 3539 oum
199 3495 240 3538 ex
261 3482 374 3539 nostra
398 3484 530 3540 tantum
551 3477 639 3555 Nox,
666 3462 748 3560 quae
771 3478 939 3543 simillima
960 3486 1053 3553 Χάους
1074 3485 1126 3541 est
1147 3484 1181 3540 et
1206 3500 1225 3541 a
1246 3477 1388 3542 Proculo

171 3647 181 3678 ¹
197 3649 264 3699 Nam
286 3650 364 3699 verba
381 3649 518 3713 Theophili
541 3649 587 3713 (od
604 3652 724 3716 Aetolpc.
745 3654 797 3702 ΙΙΙ
806 3670 836 3718 ρ.
857 3657 920 3702 293ε
937 3645 1057 3722 Ὅμηρος
1074 3649 1119 3701 καὶ
1133 3645 1253 3706 Ἠσίοδος
1270 3649 1316 3701 καὶ
1332 3644 1388 3719 Ὀρ·

101 3733 162 3804 pede
180 3733 277 3805 ἔφασαν
296 3732 401 3790 ἑαυτοὺς
426 3733 476 3786 ἀπὸ
495 3731 566 3791 θείας
589 3734 707 3807 προνοίας
725 3734 917 3807 μεμαθηκέναι)
941 3737 1124 3800 παρασαίνει
1146 3737 1311 3800 prooemium
1328 3751 1390 3800 qua·

101 3821 183 3880 drant,
201 3837 253 3870 non
271 3823 303 3870 ad
322 3822 348 3869 id
370 3829 477 3883 tantum,
498 3820 571 3884 eujus
588 3821 685 3871 Malaia
701 3824 857 3872 mentionem
876 3823 947 3872 facit.

169 3901 260 3970 ‘Ape
276 3925 306 3972 ρ.
326 3911 387 3956 469.

122 4014 125 4018 <
170 3986 239 4041 ³1>0
257 3993 325 4042 coelo
343 3995 400 4052 111,
421 3998 489 4057 ap.
510 3993 588 4041 asse
607 3996 690 4056 resq.

170 4072 181 4103 ⁴
199 4073 242 4124 ef.
262 4077 410 4126 Scholiasta
428 4078 595 4129 Aristotelem
613 4078 673 4127 coll.
693 4079 810 4128 Braade'e
828 4077 959 4141 (Berole'm'
979 4075 1055 4139 1836)
1072 4093 1100 4141 ρ.
1122 4080 1170 4124 510
1184 4093 1201 4126 α
1220 4082 1262 4125 21.

169 4156 181 4188 ⁶
198 4162 239 4210 De
260 4161 380 4224 Orthoqr.
401 4180 430 4227 ρ.
453 4167 497 4214 137
517 4165 557 4213 ed.
578 4164 646 4213 Mai.
688 4161 739 4212 Sed
762 4162 807 4211 ille
826 4163 969 4226 Appulejus
987 4163 1043 4225 ipse
1060 4161 1159 4210 videtur
1176 4161 1312 4211 millennio
1330 4169 1393 4225 post

101 4247 239 4296 Proculum
265 4246 360 4295 uxrem
389 4245 441 4311 (cf.
465 4249 665 4312 Bernhardy,
697 4249 840 4297 ermom
866 4250 913 4298 der
930 4249 1078 4298 Remeato
1102 4246 1265 4307 mereare,
1293 4250 1319 4297 4.
1339 4250 1393 4297 Be-

101 4334 234 4396 nocitura
254 4329 462 4397 [Braameelueeiy
484 4333 557 4398 1865]
574 4352 604 4400 p.
624 4339 682 4384 876.
703 4333 774 4398 882).
