2986 4800
214 390 323 473 logiae
341 395 375 453 et
390 389 620 474 philosophiae
636 390 761 474 peritos
779 400 922 471 constat,
944 399 1055 456 utrum
1071 396 1134 456 hoc
1152 416 1283 457 carmen
1303 394 1367 457 diis
1383 393 1483 459 fabul

215 509 374 572 doctrinis
394 509 447 572 vel
465 533 598 592 prorsus
615 509 773 573 inauditis
790 512 843 574 vel
860 513 901 574 ab
918 512 968 590 iis,
987 535 1069 595 quae
1086 514 1187 596 vulgo
1204 537 1223 576 a
1240 513 1377 577 Graecis
1395 517 1489 579 cred

214 629 346 706 bantur,
369 628 484 691 alienis
501 630 636 712 plenum
652 629 717 692 iam
733 630 900 693 Pisistrati
915 632 1120 714 temporibus
1137 632 1297 715 scriptum
1314 633 1361 696 sit
1377 657 1424 697 an
1447 635 1490 698 vil

214 747 433 831 posteriorum
450 746 722 831 syncretistarum
745 758 968 813 commentum
985 752 1157 829 habeatur,
1181 753 1270 815 haud
1286 752 1409 816 inutile
1431 754 1468 817 d·
1484 784 1493 811 ι

213 889 282 930 rem
299 868 406 930 denuc
417 873 573 929 tractare.
599 867 674 930 Qua
683 866 717 930 in
732 890 766 931 re
781 890 855 931 cum
872 871 977 952 magis
988 871 1021 933 in
1037 871 1088 949 iis,
1107 893 1188 954 quae
1199 871 1264 933 iam
1280 871 1487 935 Lobeckiu

213 986 344 1064 attulit,
378 986 589 1068 disponendis
616 992 650 1048 et
675 987 899 1050 examinandis
924 1013 1021 1072 quam
1046 991 1079 1053 in
1104 994 1196 1053 novis
1221 991 1428 1055 testimoniis
1452 993 1492 1056 ad

214 1105 382 1167 struendis
404 1112 594 1167 versaturus
616 1105 692 1182 sim,
717 1105 842 1188 aliquid
863 1107 943 1171 mihi
965 1109 1133 1172 solaminis
1155 1111 1265 1187 affert,
1294 1111 1387 1193 quod
1409 1112 1493 1175 etiae

211 1223 296 1286 alios
313 1222 400 1285 viros
417 1224 628 1287 doctissimos
644 1247 748 1308 pauca
764 1233 895 1289 tantum
911 1228 1010 1311 penui
1026 1229 1066 1292 ab
1083 1228 1141 1292 illo
1159 1235 1320 1312 congesto
1339 1229 1493 1293 addidiss

211 1342 320 1405 video.
361 1345 443 1427 Spes
460 1344 546 1407 enim
568 1344 616 1406 ita
632 1351 694 1423 est,
718 1353 777 1408 aut
792 1347 885 1409 nulla
906 1354 963 1409 aut
979 1370 1143 1432 perpauca
1164 1347 1251 1412 scitu
1267 1348 1376 1432 digna
1394 1348 1480 1432 dispu

208 1461 332 1526 tationi
347 1485 439 1527 meae
456 1464 610 1527 defutura
628 1485 711 1527 esse.

297 1583 389 1659 Haec
404 1583 573 1666 praefatus
591 1583 706 1645 statim
722 1605 773 1646 me
790 1584 916 1647 adrem
933 1593 1136 1649 convertam.

811 1825 839 1906 c.
866 1827 896 1887 1.

295 1977 435 2041 Initium
460 1974 639 2086 quaerendi
663 1997 769 2058 neque
795 1999 813 2038 a
836 1976 998 2058 catalogis
1022 1978 1182 2040 librorum
1204 1977 1445 2060 Orphiccrum,
1469 1954 1493 2037 i'·

211 2099 329 2181 quibus
352 2119 392 2161 ne
415 2095 539 2159 mentio
563 2095 694 2177 quidem
716 2095 932 2178 rhapsodicae
954 2096 1165 2179 Theogoniae
1187 2096 1281 2173 fiat,¹
1305 2095 1492 2180 capiendae

211 2196 284 2281 esse
307 2217 460 2280 existimo
486 2237 591 2297 neque
622 2214 798 2278 aProculi
827 2216 1030 2297 aliorumque
1055 2216 1225 2278 chcrum
1251 2215 1430 2278 Platonico
1475 2242 1491 2270 ιι

210 2336 354 2420 scriptis,
373 2334 521 2418 quamvis
537 2334 584 2396 ibi
600 2333 793 2416 saepissime
809 2333 868 2396 illa
884 2341 1159 2398 commemoretur
1175 2341 1209 2397 et
1225 2334 1395 2398 laudetur.
1426 2333 1483 2397 Pla

165 2532 170 2542 ⁸
211 2456 280 2519 cuit
296 2458 360 2519 hoc
376 2453 591 2530 Lobeckic,
617 2452 683 2535 qui,
706 2460 745 2514 ut
760 2451 844 2516 illud
862 2453 1043 2535 Orphicum
1062 2476 1193 2517 carmen
1207 2453 1274 2515 iam
1296 2454 1338 2517 ab
1357 2455 1483 2516 Oncma

210 2575 294 2638 crito
316 2573 540 2656 conscriptum
557 2594 628 2635 esse
650 2573 902 2650 demonstraret,
925 2575 988 2635 hac
1003 2573 1129 2636 ratione
1151 2596 1228 2635 usus
1251 2579 1314 2636 est.
1355 2572 1488 2636 Primus·

208 2695 317 2757 multa
343 2690 402 2756 illa
425 2692 612 2776 fragmenta
641 2691 786 2754 fabulosi
806 2699 924 2773 poetae
952 2691 1084 2755 nomine
1105 2692 1279 2775 inscripta,
1309 2712 1393 2775 quae
1414 2712 1488 2773 apuu

210 2815 388 2877 Proculum
410 2813 545 2896 eiusque
568 2811 698 2874 sodales
716 2817 902 2888 occurrunt,
928 2833 969 2873 ex
984 2833 1048 2873 unc
1075 2811 1256 2893 eodemque
1279 2809 1420 2874 carmine
1442 2809 1481 2870 de

208 2940 362 3018 prompta
384 2954 456 2995 esse
479 2939 514 2996 et
534 2933 597 2994 hoc
618 2931 727 3014 ipsum
749 2952 880 2993 carmen
896 2929 988 2992 illam
1012 2951 1082 2992 esse
1099 2931 1328 3013 Theogoniam
1345 2926 1380 2991 in
1398 2927 1477 3008 rhap

209 3053 319 3117 sodias
341 3052 543 3134 descriptam
559 3058 593 3112 et
613 3056 684 3112 tum
701 3049 859 3132 temporis
882 3049 1023 3113 maxime
1045 3049 1296 3132 pervulgatam²
1319 3045 1491 3111 lectoribu

209 3171 405 3256 persuadere
424 3169 569 3232 studet.³
608 3173 659 3232 Ac
675 3167 756 3232 mihi
778 3168 909 3250 quidem
927 3190 1044 3251 operae
1066 3168 1209 3252 pretium
1224 3168 1334 3231 facere
1356 3166 1491 3229 videtur.

210 3290 277 3354 Sed
293 3291 333 3352 de
355 3289 394 3352 iis
417 3311 501 3371 quae
517 3293 701 3370 sequuntur
722 3287 792 3348 viro
809 3286 943 3369 egregio
967 3287 1120 3351 assentiri
1140 3311 1206 3350 non
1228 3310 1376 3371 possum.
1416 3284 1486 3346 cun

209 3408 297 3472 enim
321 3409 481 3491 quaedam
497 3405 753 3489 deprehenderit
774 3406 809 3468 in
824 3407 974 3469 Platonis
996 3407 1130 3490 eiusque
1146 3406 1335 3489 aequalium
1356 3400 1491 3488 scriptis,

209 3549 294 3612 quae
310 3534 368 3591 aut
384 3526 534 3590 dissertis
551 3524 660 3589 verbis
677 3526 811 3608 Orpheo
828 3525 1093 3590 adscriberentur
1108 3533 1166 3589 aut
1182 3524 1368 3589 doctrinam
1380 3519 1480 3608 Orphi

210 3669 283 3711 cam
292 3647 492 3724 redolerent,
510 3645 614 3727 iisque
626 3644 757 3707 collatis
775 3667 849 3707 cum
858 3645 1053 3727 fragmentis
1070 3645 1156 3729 apud
1165 3644 1346 3708 Proculum
1360 3641 1493 3727 reperti

211 3766 327 3830 miram
347 3766 434 3830 inter
455 3773 595 3848 utraque
619 3763 851 3846 cognationem
872 3763 1132 3829 animadvertere
1154 3763 1218 3827 sibi
1239 3763 1330 3827 visus
1353 3764 1409 3841 sit,
1434 3783 1489 3827 ιιοι

235 4016 245 4032 ’
281 3974 363 4055 1ἐιιὶι
387 4007 484 4056 calcem
507 4009 562 4056 eins
585 4005 707 4068 catalogi,
734 4019 810 4067 quem
830 4003 923 4054 Suidas
941 4022 962 4055 ι.
982 4022 1007 4055 c.
1042 3999 1151 4076 Ὀρφεύς
1169 4005 1282 4065 exhibet,
1300 4020 1387 4070 nuper
1405 4004 1480 4056 Gaio

211 4092 338 4142 tordius
355 4109 386 4141 ar
404 4095 460 4142 cod.
479 4096 515 4143 A.
534 4093 633 4141 addidit
652 4087 788 4160 Θεογονίαν
806 4088 855 4159 ἔπη
876 4078 915 4160 clo.
948 4091 978 4140 Id
996 4092 1065 4154 quod
1084 4091 1161 4140 etiam
1178 4091 1377 4155 Bernhardy
1395 4088 1492 4154 redwit·

210 4177 266 4228 Sed
283 4177 395 4226 dubitari
413 4184 507 4240 potest,
526 4193 559 4226 an
576 4179 641 4228 haec
659 4193 711 4226 non
730 4177 764 4226 sit
781 4177 953 4240 interpolatio.

280 4259 464 4312 ²Damascins
483 4264 502 4313 l.
522 4281 545 4313 c.
565 4278 622 4313 eam
638 4262 687 4331 rhu
706 4259 805 4333 συνηθῆ
825 4263 944 4326 appellat.

280 4345 351 4398 ³cf.
370 4350 433 4414 2192.
449 4367 480 4414 p.
500 4353 560 4398 489.
