2986 4800
724 210 764 269 99

99 413 207 497 igitur
228 412 343 475 eodem
361 412 428 474 fere
444 418 609 495 tempore,
633 434 698 493 quo
713 411 818 495 prima
839 411 908 494 ejus
925 411 1077 477 carminis
1093 412 1236 495 vestigia
1256 413 1289 476 in
1305 412 1390 477 libro

100 534 141 596 de
155 532 285 595 Mundo
302 537 503 614 comparent,
521 530 653 612 quidam
669 529 863 594 Hellanicus
879 530 1008 609 vixerit,
1026 551 1122 614 quem
1140 539 1174 595 et
1189 532 1390 596 Phoenicem

104 659 136 716 et
150 651 302 715 Stoicum
318 650 420 714 fuisse
436 649 710 715 verisimillimum
726 649 781 728 sit,
799 649 957 734 suspicari
973 650 1063 728 licet,
1081 652 1168 715 hunc
1184 672 1258 714 eum
1274 651 1388 730 fuisse,

101 793 199 854 quem
216 769 412 835 Damascius
434 794 465 854 p.
484 773 543 834 381
568 769 602 833 in
624 776 736 834 mente
757 771 891 834 habeat.
937 771 988 833 Ac
1009 792 1050 835 ne
1066 772 1130 833 hoc
1146 770 1277 854 quidem
1299 792 1389 854 sper-

99 891 257 968 nendum,
281 890 379 973 quod,
401 889 429 952 si
448 888 652 967 Hellanicus,
673 912 754 952 avus
771 889 978 973 Apollodori,
1001 896 1117 954 auctor
1136 891 1234 973 hujus
1251 889 1389 972 Orphici

95 1011 178 1089 ⁸libri
201 1010 283 1088 fuit,
313 1009 411 1073 facile
435 1009 476 1072 ad
499 1009 753 1091 intelligendum
779 1016 848 1087 est,
874 1010 1039 1091 quomodo
1064 1008 1135 1073 fieri
1158 1009 1320 1094 potuerit,
1351 1015 1388 1072 ut

99 1128 249 1213 August-i
277 1136 312 1194 et
341 1128 548 1211 sequentium
572 1128 814 1213 Imperatorum
845 1125 1049 1213 temporibus
1077 1140 1175 1192 vetus·
1197 1128 1388 1212 Theogonis

100 1249 248 1334 Orphica
263 1270 366 1312 novae
383 1249 554 1332 cujusdam
569 1247 768 1312 auctoritate
785 1248 1026 1324 obscuraretur,
1044 1249 1092 1311 ita
1106 1255 1145 1311 ut
1155 1251 1388 1332 Athenagoras

100 1369 134 1434 in
151 1368 400 1452 Supplicatione
417 1369 458 1432 ad
474 1369 521 1432 M.
539 1340 709 1432 Aurelium
728 1375 762 1431 et
777 1368 817 1431 L.
835 1367 1051 1431 Commodum
1069 1387 1113 1431 ex
1124 1369 1187 1431 hac
1203 1367 1273 1451 pari
1288 1367 1386 1431 modo
1426 1463 1429 1468 1

101 1497 202 1571 atque
220 1510 260 1550 ex
276 1487 413 1551 Homeri
432 1496 466 1551 et
481 1487 619 1551 Hesiodi
635 1487 833 1551 carminibus
849 1509 927 1552 suae
943 1487 1176 1571 disputationis
1193 1494 1387 1570 argumenta

102 1615 252 1692 repetere
267 1630 334 1670 non
350 1607 550 1671 dubitaret¹
596 1608 821 1692 Apollodorus
841 1607 928 1671 cuim
944 1607 1090 1690 Augusti
1107 1609 1318 1691 praeceptor²
1339 1607 1387 1670 fa·

100 1728 161 1791 cile
192 1727 245 1791 avi
269 1726 319 1789 sui
344 1726 586 1810 Theogoniam,
617 1750 715 1809 quam
745 1727 846 1792 etiam
872 1727 1007 1790 Sandon
1037 1733 1131 1810 pater
1159 1726 1384 1811 explicuisset,

98 1836 223 1910 Romae
243 1854 313 1909 tarn
332 1846 497 1910 illustrem
516 1847 653 1911 reddere
668 1846 793 1931 potuit,
815 1854 853 1910 ut
874 1869 940 1910 non
956 1847 1062 1909 solum
1079 1845 1303 1930 philosophis³
1325 1846 1383 1910 sed
1440 1923 1446 1934 ι

98 1966 252 2030 omnibus
268 1966 388 2030 dehinc
404 1965 540 2030 eruditis
558 1966 744 2029 hominibus
760 1966 841 2029 trita
856 1973 955 2029 esset.
1059 2045 1061 2049 Ι

185 2086 268 2149 Quis
287 2085 391 2169 igitur
411 2085 605 2149 Hellanicus
625 2085 726 2149 fuerit
733 2134 742 2163 ,
769 2085 835 2150 iam
855 2084 936 2147 sat-is
955 2083 1080 2167 liquere
1105 2084 1270 2148 existimo.
1317 2087 1382 2149 Sed

97 2205 294 2270 Damasoius
311 2205 420 2269 verbis
440 2217 457 2293 ἡ
478 2211 551 2275 κατὰ
564 2215 609 2274 τὸν
619 2212 780 2293 Ἱερώνυμον
795 2213 929 2292 φερομένη
950 2211 993 2272 καὶ
1004 2210 1161 2274 Ἑλλάνικον
1175 2213 1304 2291 teolop'a
1318 2228 1383 2269 non

100 2327 207 2388 solum
218 2325 430 2389 Hellanicum
447 2325 505 2389 sed
521 2324 622 2388 ctiam
631 2323 869 2409 Hieronymum
886 2324 1049 2406 quendam
1065 2330 1232 2388 auctorem
1249 2324 1384 2389 alterius

101 2445 267 2528 Orphicae
292 2443 502 2527 Theogoniae
527 2444 642 2509 haberi
666 2443 802 2508 indicat.
857 2445 977 2508 Restat
1006 2443 1126 2527 igitur,
1156 2451 1195 2507 ut
1220 2443 1319 2507 etiam
1344 2445 1384 2508 de

99 2564 303 2648 Hieronymo
319 2586 424 2648 pauca
439 2564 610 2628 addamus.
656 2564 735 2627 'l'res
751 2570 861 2627 autem
878 2563 1073 2646 Hieronymi
1088 2571 1178 2641 sunt,
1201 2563 1306 2647 quiin
1322 2566 1383 2628 hac

99 2684 294 2766 quaestione
310 2684 374 2747 soli
389 2683 456 2747 sint
471 2683 683 2768 respiciendi,
708 2682 830 2766 primus
846 2681 1068 2766 Hieronymus
1086 2681 1234 2746 Rhodius
1251 2683 1383 2768 Peripa-

97 2804 235 2882 teticus,
256 2804 340 2867 alter
356 2803 576 2886 Hieronymus
593 2802 785 2879 Cardianus,
807 2800 927 2864 tertius
944 2801 1164 2884 Hieronymus
1181 2801 1381 2885 Aegyptius.

98 2922 341 3005 Peripateticus
357 2929 487 3006 praeter
508 2921 572 2985 alia
591 2921 768 3005 scripserat
787 2920 924 2998 librum,
949 2919 1001 2983 cui
1020 2920 1140 2983 titulus
1163 2928 1234 2983 erat
1248 2930 1383 3008 ὑποπμνή-

98 3075 173 3128 ματα
188 3050 336 3129 ἱστορικά.-
360 3040 433 3105 Quo
456 3041 489 3104 iu
511 3040 633 3126 scripto
657 3039 757 3103 etiarn
777 3040 936 3103 nonnulla
955 3039 1232 3123 mythographica
1251 3047 1383 3104 narrata

98 3160 220 3237 fuisse,
244 3159 452 3224 Harlesius
472 3160 548 3223 inde
565 3159 695 3242 colligit
701 3209 711 3238 ,
735 3160 822 3243 quod
842 3159 875 3222 in
892 3181 929 3223 eo
946 3159 1060 3222 fabula
1075 3159 1115 3221 de
1131 3157 1274 3222 Tithono
1291 3160 1381 3243 lege-

99 3280 228 3343 batur.⁴
274 3280 389 3343 Potuit
409 3280 511 3362 igitur
530 3279 586 3342 ille
609 3279 707 3342 ctiam
730 3279 771 3341 de
791 3279 923 3361 Orpheo
946 3278 1080 3361 ejusque
1103 3286 1203 3341 cantu
1222 3280 1382 3342 nonnulla

101 3398 225 3461 ibidem
241 3399 406 3462 exhihere.
453 3400 579 3462 Eadem
593 3399 734 3462 fortasse
750 3398 784 3460 in
800 3397 922 3481 scripto
938 3407 999 3485 περὶ
1012 3413 1129 3485 ποιητῶν
1145 3405 1179 3461 et
1195 3398 1325 3480 quidem
1348 3398 1380 3460 in

100 3516 215 3600 quinto
238 3518 307 3600 ejus
328 3518 431 3595 libro,
455 3519 510 3600 qui
530 3526 601 3582 erat
621 3519 661 3581 de
683 3517 924 3596 Citharoedis,⁶
953 3517 1118 3601 repetivit.
1167 3517 1250 3580 Cum
1270 3523 1381 3580 autem

169 3773 178 3804 ¹
197 3776 238 3826 Cf.
259 3794 336 3842 supra
350 3797 379 3843 p.
400 3784 432 3827 ³0
444 3796 482 3844 aq.

168 3859 291 3912 latrabo
313 3863 391 3922 XIV,
410 3868 471 3912 674:
503 3857 632 3933 Καίσαρος
654 3859 822 3930 καθηγήσατο
847 3860 891 3912 καὶ
914 3868 990 3932 τιμῆς
1014 3861 1090 3934 ἔτυχε
1115 3860 1244 3932 μεγάλης
1269 3863 1378 3914 hedam

97 3950 217 3998 Maerob.
233 3967 263 4013 p.
284 3953 333 3998 223
352 3951 391 3998 ed.
411 3952 497 3999 Beira.-
525 3944 714 4019 Ἀθηνόδωρος,
734 3943 873 4006 Σάνδωνος,
894 3944 1015 4018 Ταρσεὺς,
1035 3943 1157 4006 Στωϊκὸς,
1183 3946 1211 4003 ὃς
1228 3946 1272 3997 καὶ
1295 3946 1377 3999 διδάσ-

96 4032 178 4088 καλος
197 4032 297 4101 ἐγένετο
316 4029 446 4103 Καίσαρος
464 4031 593 4101 Σεβαστοῦ
612 4030 682 4083 θεοῦ.

168 4113 329 4166 ³Theonem
349 4117 525 4181 Smyrnaeum,
549 4118 722 4177 Plutarchum,
746 4118 882 4165 Tatianum
908 4132 959 4166 non
983 4119 1068 4167 minus
1092 4133 1169 4180 quam
1187 4119 1380 4182 Athenagoram

96 4204 227 4253 Hellanioi
245 4205 390 4266 respexisse
408 4203 595 4266 Theogoniam,
614 4204 665 4252 iam
683 4211 742 4252 ante
760 4204 857 4251 dictum
875 4209 922 4250 est.

167 4286 179 4316 ⁴
199 4291 311 4347 Febrim,
329 4290 400 4339 Bibl.
424 4291 471 4338 Gr.
487 4307 516 4353 p.
537 4294 585 4337 496
605 4291 638 4338 N.

168 4370 290 4424 utra.
310 4374 388 4433 XIV,
403 4392 432 4439 p.
453 4377 541 4431 cass.
