2986 4800
730 191 769 252 18

107 419 173 459 non
197 419 214 458 a
238 395 344 457 tribus
367 393 479 477 primis
504 393 671 477 principiis
694 393 847 476 Orpheus
869 394 1010 457 Eudemi
1035 416 1127 457 orsus
1153 403 1214 458 est.
1261 395 1392 458 Nihilo-

108 515 215 578 minus
240 522 348 578 autem
375 515 475 576 verba
498 527 567 600 τρεῖς
589 529 693 600 πρῶται
715 520 769 581 κατ’
788 519 895 600 Ὀρφέα
919 521 1116 599 ἐξεβλάστησαν
1140 522 1223 604 ἀρχαί
1245 523 1338 577 reete
1359 537 1391 578 se

108 635 243 712 habent,
267 655 341 697 cum
357 634 500 696 Noctem
524 634 767 715 subsequantur
782 633 882 695 Terra
903 639 938 696 et
953 633 1086 695 Coelus.
1130 634 1390 715 Subsequentur,

106 753 250 837 inquam.
282 753 370 815 Nam
386 774 427 815 ne
444 754 507 815 hoc
524 752 653 835 quidem
672 757 797 814 certum
815 760 877 830 est,
895 753 1028 815 Terram
1044 759 1079 815 et
1095 752 1233 815 Coelum
1247 775 1267 815 a
1282 752 1391 816 Nocte

104 872 269 957 progigni,
294 873 351 935 sed
368 885 443 934 cum
464 870 564 934 etiam
587 871 628 934 de
643 871 753 934 Nocte
775 871 859 934 illud
881 879 1078 957 ἐξεβλάστησαν
1100 872 1220 949 valeat,
1244 871 1392 954 suspicor

104 1013 174 1054 rem
190 991 331 1053 similem
348 990 448 1053 fuisse
465 990 515 1068 iis,
534 1012 617 1073 quae
634 990 720 1072 apud
736 989 918 1066 Hesiodum
936 991 976 1053 de
993 991 1096 1069 Chao,
1114 991 1224 1069 Terra,
1242 991 1389 1068 Tartaro,

106 1113 228 1173 Amore
245 1112 425 1193 legamus.¹
450 1110 516 1172 Ubi
534 1109 765 1193 cumprimum
782 1110 927 1172 omnium
938 1109 1047 1172 Chaos
1064 1109 1233 1172 exstitisse
1251 1110 1389 1188 dicatur,

106 1229 224 1293 deinde
248 1251 324 1293 vero
348 1230 447 1292 Terra
469 1230 691 1321 Tartarusque
714 1238 747 1291 et
769 1230 887 1305 Amor,
914 1229 1030 1292 eodem
1051 1228 1121 1291 iure
1143 1229 1241 1292 modo
1265 1229 1305 1292 de
1327 1251 1389 1291 uno

105 1349 203 1413 modo
223 1349 263 1412 de
284 1356 426 1431 quatuor
440 1346 607 1433 principiis
628 1347 661 1411 in
677 1347 870 1430 Theogonis
884 1347 1050 1410 Hesiodea
1071 1347 1176 1411 obviis
1192 1370 1300 1412 sermo
1322 1348 1388 1411 fieri

105 1476 228 1553 potest.
267 1469 321 1531 Sic
338 1468 437 1531 etiam
454 1468 632 1545 Eudemus,
655 1474 754 1549 prout
769 1466 921 1549 principii
936 1466 1105 1530 notionem
1122 1473 1179 1529 aut
1194 1467 1318 1549 pressit
1334 1474 1387 1530 aut

104 1588 276 1665 relaxavit,
300 1588 364 1651 alio
380 1589 454 1650 loco
475 1609 573 1649 unam
589 1596 675 1676 ἀρχήν
690 1586 754 1648 alio
776 1595 845 1649 tres
862 1593 1042 1664 enumerat,
1066 1587 1219 1669 aquibus
1237 1587 1387 1669 Orpheus

105 1707 390 1770 initium'canendi
412 1706 539 1770 fecerit.
578 1706 687 1770 Quid?
710 1706 799 1788 quod
820 1727 860 1768 ne
882 1705 930 1767 ita
952 1705 1084 1787 quidem
1106 1727 1220 1768 omnes
1239 1705 1275 1768 in
1296 1707 1385 1769 ador·

106 1827 221 1889 nandis
237 1825 303 1888 illis
319 1826 426 1888 tribus
443 1825 609 1908 principiis
625 1824 803 1887 varietates
819 1825 984 1907 persecuti
1000 1847 1124 1888 sumus.
1157 1824 1386 1888 Consideranti

106 1945 203 2023 enim,
227 1954 350 2028 quanta
371 1944 406 2009 in
426 1945 599 2007 laudandis
621 1943 956 2007 aliorum'sententiis
978 1943 1114 2007 licentia
1134 1952 1265 2008 veteres
1288 1944 1383 2027 scrip·

106 2073 194 2128 tores
218 2065 270 2128 usi
294 2065 376 2142 sint,
408 2064 489 2126 mihi
513 2086 579 2126 non
603 2071 734 2146 praeter
758 2062 1037 2126 existimationem
1062 2064 1205 2141 accidet,
1239 2064 1268 2126 si
1293 2085 1384 2146 quem

106 2206 217 2247 eorum
238 2183 386 2268 praecisa
401 2185 511 2246 Nocte
528 2184 661 2266 Orpheo
679 2183 742 2246 duo
759 2182 929 2266 principia,
952 2183 1085 2246 Terram
1107 2190 1142 2245 et
1158 2183 1309 2261 Coelum,
1333 2183 1384 2246 ad·

106 2304 247 2366 scribere
268 2302 416 2366 viderim.
457 2305 507 2364 Ac
528 2323 652 2378 vereor,
677 2323 718 2364 ne
733 2303 831 2364 Plato
853 2323 887 2364 re
904 2323 981 2364 vera
1001 2301 1035 2364 id
1051 2301 1168 2365 fecerit
1188 2302 1248 2365 illo
1265 2300 1383 2364 Timaei

103 2424 189 2485 loco.
228 2421 294 2484 Qui
317 2443 391 2483 cum
406 2444 473 2483 non
494 2421 528 2483 id
544 2427 668 2503 ageret,
691 2428 729 2482 ut
745 2443 836 2482 suam
859 2421 899 2482 de
921 2420 1026 2503 prima
1043 2443 1140 2483 eausa
1162 2428 1197 2484 et
1214 2430 1294 2508 οὐσίᾳ
1315 2443 1382 2484 sen-

104 2541 245 2604 tentiam
262 2541 478 2603 contenderet
498 2561 571 2602 oum
588 2539 726 2602 aliorum
749 2538 933 2622 praeceptis
950 2541 991 2602 ad
1008 2539 1164 2603 amussim
1181 2539 1381 2617 delineatis,'

104 2662 162 2724 sed
185 2668 223 2722 ut
244 2659 390 2743 vulgaris
413 2657 603 2741 theologiae
627 2680 784 2720 summam
808 2658 966 2738 traderet,
989 2658 1087 2722 facile
1103 2661 1250 2724 Noctem
1270 2662 1324 2724 vel
1339 2659 1382 2722 in·

105 2780 208 2857 curia,
234 2781 289 2843 vel
311 2779 386 2862 quia
407 2801 478 2843 eam
500 2801 519 2841 a
541 2785 725 2841 ceterorum
747 2778 882 2840 deorum
904 2786 1022 2841 natura
1044 2785 1078 2842 et
1100 2779 1192 2842 victu
1211 2779 1308 2844 nimis
1329 2779 1380 2842 ab·

103 2903 234 2964 horrere
251 2899 365 2976 sensit,
388 2897 652 2980 praetermittere
669 2904 703 2959 et
718 2897 759 2959 ab
777 2897 878 2959 Coelo
900 2903 934 2959 et
949 2899 1049 2960 Terra
1064 2898 1201 2961 deorum
1217 2919 1334 2982 genera
1349 2903 1381 2958 et

104 3019 273 3103 dynastias
296 3019 457 3081 deducere
478 3017 599 3100 potuit.
647 3017 701 3078 An
723 3016 857 3079 Platoni
878 3038 944 3078 non
964 3015 1070 3095 licuit,
1096 3017 1235 3114 primam
1256 3017 1380 3079 illarum

173 3242 181 3272 ¹
203 3246 294 3307 Theop.
314 3261 338 3292 v.
360 3248 406 3291 116
420 3260 473 3307 sq..-

380 3322 457 3376 Ἤτοι
476 3327 523 3392 μὲν
539 3328 668 3395 πρώτιστα
685 3322 756 3380 Χάος
774 3321 861 3394 γένετ’,
882 3324 963 3395 αὐτάρ
983 3323 1070 3376 ἔπειτα

386 3407 405 3461 Γ
409 3407 445 3461 αἶ’
466 3408 635 3480 εὐρύστερνος,
655 3409 756 3460 πάντων
775 3407 831 3466 ἕδος
849 3410 962 3481 ἀσφαλὲς
981 3408 1039 3469 αἰεί,

386 3491 507 3566 Τάρταρά
524 3491 544 3546 τ’
562 3493 686 3566 ἠερόεντα
704 3498 782 3566 μυχῷ
800 3492 893 3566 χθονὸς
912 3492 1058 3565 εὐρυοδείης

385 3578 425 3650 ἠδ’
438 3576 516 3651 Ἔρος
533 3579 590 3632 κτλ.

170 3672 272 3721 Deinde
290 3670 401 3733 primum
419 3683 443 3716 v.
460 3672 601 3727 123-125,
621 3682 686 3729 quae
702 3682 736 3715 ex
748 3664 821 3714 Chao
839 3673 985 3725 nascantur,
1004 3672 1081 3727 poeta
1098 3672 1184 3714 narrat
1202 3674 1228 3714 et
1245 3681 1269 3713 ν.
1286 3669 1332 3712 126
1344 3676 1375 3722 sq.

102 3758 196 3807 Terrae
214 3756 363 3820 progeniem
381 3760 505 3802 recenset.
537 3754 659 3801 Tartarus
676 3753 740 3801 nihil
759 3767 792 3801 ex
810 3766 837 3799 se
854 3751 911 3813 ipso
929 3757 1056 3813 procreat,
1076 3750 1120 3799 sed
1138 3764 1172 3798 ex
1189 3751 1271 3799 Terra
1289 3755 1377 3798 tantum

102 3842 225 3904 Typhoea
248 3842 337 3904 gignit.
375 3838 501 3899 Quartum
524 3837 635 3900 denique
653 3837 808 3900 principium
829 3829 939 3904 (Ἔρως)
964 3835 1129 3884 infecundum
1152 3842 1199 3887 est
1238 3834 1279 3885 cf.
1298 3836 1377 3888 Plato,

104 3928 188 3992 Symp.
204 3943 234 3991 p.
257 3929 353 3975 17813:
375 3921 493 3980 Ἥοὶοὖος
514 3931 615 3994 πρῶτον
638 3921 685 3989 μὲν
703 3921 768 3992 χάος
790 3919 853 3991 φησὶ
876 3917 1007 3989 γενέσθαι,
1032 3917 1113 3989 αὐτὰρ
1132 3917 1221 3971 ἔπειτα
1239 3918 1303 3990 φησὶ
1320 3912 1377 3986 μετὰ

102 4011 130 4062 τὸ
147 4011 212 4082 χάος
230 4009 274 4060 tto
292 4009 374 4061 τούτω
392 4006 518 4078 γενέσθαι,
539 4004 592 4077 Γῆν
610 4025 638 4058 τε
656 4005 701 4057 καὶ
711 4000 828 4076 Ἔρωτα.

170 4093 301 4145 'Etenim
325 4096 347 4144 si
370 4097 427 4158 quis
449 4097 529 4144 alium
552 4092 709 4157 argumentis
732 4092 884 4140 convincere
907 4092 1000 4151 studet,
1023 4091 1117 4139 frustra
1134 4089 1243 4150 laborat,
1261 4089 1313 4138 nisi
1330 4087 1378 4136 cius

103 4183 251 4247 opinionem
268 4190 388 4230 scemate
406 4190 432 4230 et
448 4182 567 4229 distincte
585 4178 726 4228 lectoribus
745 4177 879 4226 describat.
909 4177 950 4226 Ita
967 4177 1003 4238 lit,
1023 4183 1051 4224 ut
1062 4175 1215 4224 Aristoteles
1233 4175 1292 4223 loeo
1308 4183 1376 4235 supra

102 4269 233 4332 apposito,
259 4267 302 4316 ubi
322 4267 353 4314 de
370 4266 453 4329 prima
465 4280 544 4314 causa
561 4272 635 4313 acute
653 4264 775 4327 disputat,
789 4260 921 4326 Orpheum
939 4261 1087 4324 theologum
1105 4259 1136 4311 ἐκ
1154 4258 1242 4315 νυκτὸς
1260 4264 1378 4327 γεννῶντα

101 4363 184 4415 vocet,
204 4353 267 4402 alias
286 4366 345 4401 vero
364 4351 439 4400 Nocti
458 4348 567 4399 Coelum
585 4351 678 4398 addere
696 4365 748 4398 non
767 4356 908 4398 cunctetur.
980 4358 983 4364 '
