2986 4800
662 184 833 284 —u—

46 360 48 371 Ι
109 387 267 472 serpinam
284 387 406 470 (nescio
428 412 471 452 an
493 389 591 452 etiam
609 389 782 472 Jacchum)
804 396 839 453 et
853 390 1030 453 nonnullos
1051 389 1135 454 ritus
1151 396 1285 454 mutuos
1301 414 1388 454 sum-

106 507 239 592 pserint,
256 508 317 571 sed
333 530 411 572 suae
422 508 592 573 doctrinae
604 508 776 572 lenociniis
791 509 976 573 secaverint
992 516 1027 573 et
1042 510 1136 574 novis
1152 510 1388 575 additamentis

104 627 373 692 adulteraverint.
410 629 591 711 Postquam
608 635 719 692 autem
735 629 842 713 magis
857 629 1028 713 magisque
1043 629 1318 714 philosophorum
1333 631 1389 695 de·

103 747 236 812 cretain
246 749 447 811 Graecorum
457 747 583 811 animos
599 747 811 833 irrepserunt,
828 749 917 813 haud
927 748 1119 813 incredibile
1128 748 1270 828 videtur,
1288 749 1389 814 etiam

102 865 319 950 Eumolpidas
340 890 360 929 a
374 866 511 949 privatis
527 867 695 952 mysteriis
715 867 749 931 in
764 868 934 933 Eleusinia
949 892 1043 933 sacra
1059 871 1218 952 quaedam
1233 869 1267 933 in
1282 869 1388 941 vicem

100 987 276 1071 recepisse.
323 986 531 1069 Quamquam
546 986 580 1050 id
596 987 703 1051 minus
719 987 816 1051 facile
832 989 903 1051 fieri
917 989 1040 1072 potuit,
1064 988 1140 1072 quia
1154 988 1280 1072 publici
1295 994 1389 1051 erant

101 1106 230 1172 Cereris
250 1105 454 1190 Liberaeque
474 1107 694 1171 sacerdotes.¹
740 1108 946 1172 Privatorum
972 1114 1083 1172 autem
1106 1109 1302 1172 telestarum
1322 1130 1388 1171 non

99 1229 244 1292 multum
265 1225 432 1305 interfuit,
455 1226 483 1289 si
498 1233 616 1311 postea
630 1228 765 1291 dearum
780 1251 974 1310 magnarum
995 1234 1030 1291 et
1049 1235 1266 1311 augustarum
1283 1227 1388 1291 cultui

99 1347 369 1414 admiscebantur
387 1345 505 1429 Zagrei
524 1354 559 1410 et
581 1346 712 1410 Sabazii
730 1346 921 1433 peregrinae
943 1354 977 1411 et
994 1347 1208 1412 turbulentae
1230 1347 1387 1411 caerimo-

99 1468 181 1536 niae.
227 1465 289 1528 His
313 1464 417 1549 igitur
431 1466 619 1550 praemissis
633 1489 720 1531 nunc
736 1467 931 1546 videndum,
955 1473 1066 1530 utrum
1082 1466 1247 1530 Hesiodus
1267 1490 1308 1530 an
1324 1467 1386 1530 Or-

102 1590 203 1671 pheus
229 1585 414 1650 doctrinam
439 1587 480 1650 de
504 1586 617 1650 inferis
641 1595 676 1651 et
700 1588 740 1651 de
762 1587 977 1671 Proserpinae
1001 1593 1170 1671 potestate
1192 1587 1386 1651 Homericae

100 1707 293 1771 similiorem
317 1705 457 1790 ideoque
481 1706 699 1790 antiquiorem
724 1714 857 1772 secutus
883 1707 938 1772 sit.
984 1707 1067 1770 Dico
1093 1713 1220 1786 autem,
1247 1729 1321 1770 cum
1346 1708 1386 1771 de

99 1827 246 1892 Hesiodo
258 1828 386 1910 loquor,
403 1849 470 1889 uon
485 1827 556 1910 ejus
572 1827 746 1912 scriptade
757 1826 933 1906 miraculis,
952 1827 993 1891 de
1009 1825 1201 1910 astrologia,
1219 1827 1259 1891 de
1275 1827 1386 1891 herbis

98 1955 132 2012 et
148 1968 234 2031 quae
250 1945 371 2009 similia
386 1953 478 2024 sunt,
500 1946 558 2009 sed
574 1947 802 2030 Theogoniam
824 1953 858 2010 et
874 1947 994 2030 Opera.
1039 1947 1082 2009 In
1098 1946 1263 2030 Operibus
1283 1947 1386 2030 igitur

98 2067 250 2131 homines
273 2065 397 2149 primae
421 2066 541 2130 aetatis
566 2066 682 2129 aJove
695 2072 784 2149 >poet
802 2072 941 2129 mortem
965 2066 1146 2131 daemones·
1166 2066 1385 2149 redduntur3¹

98 2186 281 2251 secundum
296 2206 401 2268 genus
418 2187 553 2250 demens
570 2193 604 2250 et
619 2185 756 2271 impium
771 2192 949 2269 postquam
965 2184 1060 2264 obiit,

399 2309 439 2361 rol
457 2309 505 2377 μὲν
523 2306 671 2382 ὑποχθόνιοι
688 2292 804 2382 μάκαρες
820 2305 910 2380 θνητοὶ
927 2307 1065 2360 καλέονται

401 2412 523 2484 δεύτεροι,
544 2409 600 2465 ἀλλ’
620 2410 705 2483 ἔμπης
721 2411 784 2482 τιμὴ
802 2411 847 2464 καὶ
864 2416 942 2464 ταῖσιν
961 2410 1063 2483 ὀπηδεῖ.

99 2516 252 2578 Atneum
269 2536 373 2597 genus
390 2514 423 2577 iu
439 2520 545 2577 semet
560 2514 668 2597 ipsum
684 2512 833 2577 saeviens
849 2514 985 2577 tandem
1001 2514 1036 2576 in
1052 2514 1174 2577 Orcum
1191 2512 1380 2589 descendit3

99 2637 232 2713 heroes,
246 2633 307 2697 viri
323 2641 459 2718 quartae
476 2633 596 2698 aetatis
612 2632 766 2697 iustiores
783 2639 818 2697 et
833 2633 996 2712 meliores,
1014 2641 1091 2696 unte
1107 2633 1239 2697 Thebas
1256 2641 1290 2697 et
1305 2634 1384 2696 'Pro-

93 2755 165 2839 jam
182 2754 352 2819 interemti
368 2755 401 2818 in
416 2755 590 2819 beatorum
605 2752 730 2817 insulas
746 2753 839 2816 iuxta
856 2754 1024 2817 Oceanum
1041 2752 1188 2816 veniunt.
1222 2752 1384 2816 Quintum

98 2875 241 2960 denique
264 2897 387 2958 genus,
411 2876 505 2958 eujus
526 2897 586 2939 uos
608 2896 737 2952 sumus,
761 2873 914 2936 miseram
935 2873 1028 2956 degit
1048 2872 1150 2936 vitam
1172 2873 1296 2956 absque
1316 2873 1385 2935 ulla

98 2995 245 3059 melioris
262 3001 371 3058 status
387 2994 491 3058 futuri
506 2995 596 3079 spe.⁸
631 2994 671 3056 In
689 2993 808 3076 quibus
825 2992 977 3057 omnibus
993 3016 1060 3056 nou
1078 2993 1140 3056 nisi
1158 2993 1334 3056 daemones
1350 3000 1384 3055 et

97 3117 274 3180 beatorum
289 3114 413 3179 insulas
429 3115 470 3178 ab
487 3114 632 3179 Homero
649 3112 874 3196 discrepantes
891 3113 1128 3196 deprehendes.
1160 3113 1210 3176 De
1228 3113 1314 3176 Orco
1332 3133 1384 3176 ea-

97 3236 175 3300 dem
200 3241 270 3299 stat
294 3234 477 3312 sententia,
501 3233 650 3318 quamvis
674 3238 790 3317 poeta,
817 3256 881 3317 qua
905 3239 958 3296 est
982 3233 1081 3296 animi
1103 3232 1258 3312 tristitia,
1287 3231 1385 3296 facile

98 3355 219 3421 adduci
241 3353 404 3439 potuerit,
426 3361 465 3417 ut
485 3353 564 3417 iuris
586 3353 732 3417 interra
760 3351 962 3436 contempti⁴
987 3375 1127 3437 poenam
1151 3355 1237 3438 apud
1261 3333 1384 3417 inferos

168 3511 177 3543 ¹
196 3515 259 3580 Api.
273 3531 305 3578 p.
329 3504 358 3561 10
376 3530 429 3579 sq.‚·
448 3512 482 3562 cf.
501 3521 588 3562 tamen
602 3531 632 3577 p.
654 3517 684 3562 72
703 3530 741 3578 sq.

167 3593 531 3660 “Es.‘H.v.1ac‚ass.

167 3681 179 3713 ⁸
196 3688 217 3735 I
218 3688 241 3736 t.
261 3703 285 3735 v.
305 3691 368 3736 201:
388 3689 470 3737 acroi
489 3680 510 3735 δ’
528 3681 576 3735 οὐκ
594 3681 695 3735 ἔσσεται
713 3681 793 3753 ἀλκή.

167 3767 241 3821 *Ila
260 3789 285 3822 c.
307 3776 352 3820 191
373 3788 411 3836 sq.
448 3772 618 3834 Proserpinae
641 3771 669 3819 in
692 3778 747 3820 toto
769 3771 881 3821 carmine
905 3771 976 3820 nulla
993 3771 1022 3820 flt
1044 3771 1150 3820 mentio.
1187 3766 1266 3818 Ceres
1289 3769 1385 3832 ubique

97 3860 133 3922 (v.
148 3862 210 3917 393,
229 3860 288 3917 tet,
307 3856 369 3920 805)
394 3857 487 3920 segetis
506 3857 554 3905 dea
571 3856 687 3905 habetur.
725 3855 871 3920 Orgiorum,
896 3858 1089 3922 mysteriorum,
1113 3855 1271 3918 magicarum
1292 3856 1386 3904 artium

97 3959 131 3992 ne
150 3943 257 3992 nomina
275 3943 378 4006 quidem
397 3951 541 3992 occurrunt.
575 3942 648 4003 Quae
667 3943 688 3990 si
706 3951 768 3991 nota
785 3943 917 3992 habuisset
933 3949 1019 4005 poeta,
1043 3942 1104 4004 quid
1121 3950 1210 4005 putas,
1234 3957 1311 4004 quam
1329 3942 1386 3991 dili·

96 4037 188 4093 genter
207 4044 238 4077 ea
262 4043 309 4077 suo
327 4029 421 4079 Persae
445 4028 691 4078 commendavisset?
719 4028 844 4079 Proculus
867 4035 954 4078 narrat
977 4029 1079 4090 quidem
1099 4029 1154 4092 (cd.
1177 4030 1242 4094 Opp.
1260 4047 1292 4093 p.
1312 4029 1384 4093 824),

95 4098 325 4188 Ὀρνιθαμαντεὶαν
342 4114 439 4163 Diebus
463 4114 623 4176 subjunctam
641 4114 733 4176 fuisse,
760 4116 805 4163 ssd
822 4115 887 4164 haec
910 4114 950 4162 vel
968 4115 1069 4176 regulas
1091 4115 1219 4165 'continuit
1236 4116 1386 4179 auspicandi

98 4202 152 4252 iam
170 4201 285 4250 Homero
304 4201 376 4250 tritas
399 4200 439 4249 vel
457 4201 599 4250 recentiore
617 4206 701 4250 aetate
725 4199 826 4262 adjecta
843 4207 882 4249 est
903 4201 936 4249 ad
960 4199 1058 4249 calcem
1076 4201 1184 4251 Dierum
1207 4208 1311 4265 propter
1327 4201 1385 4250 ulti·

96 4303 168 4338 mum
186 4301 302 4336 versum:

375 4377 378 4381 ’
434 4365 535 4442 ὄρνιθας
551 4367 644 4442 aplanus
660 4369 706 4423 καὶ
723 4367 878 4444 ὑπερβασίας
896 4368 1026 4448 ἀλεείνων.
