2986 4800
718 203 758 267 ⁷5

101 426 208 468 rorum
224 411 332 469 ortum
351 407 523 469 enarrans¹
541 406 682 470 fortasse
698 406 830 488 longius
847 428 881 470 se
897 407 1104 490 prospexisse
1119 413 1265 470 testatur
1280 429 1378 489 quam

101 525 282 607 Orpheum,
306 524 361 608 qui
376 547 442 589 non
458 525 521 615 pisi
536 526 779 590 Eleusiniorum
794 526 1026 610 mysteriorum
1041 525 1196 590 notitiam
1212 525 1376 590 habuerit.

99 644 157 707 His
179 643 285 726 igitur
307 645 449 728 sumptis
471 666 512 708 ne
534 645 582 708 ita
605 646 737 728 quidem
759 645 878 709 stricta
900 645 1098 710 necessitate
1122 646 1211 709 ultra
1234 668 1309 708 ann
1317 668 1379 707 um

99 764 438 829 sexcentesimum
455 765 656 848 repellimur,
671 787 746 829 cum
761 765 969 849 Pherecydes
985 765 1120 828 ineunte
1136 764 1266 827 saeculo
1283 770 1378 826 sexto

98 883 233 960 vixerit,
255 884 409 967 quoniam
425 891 536 947 autem
552 907 618 947 non
633 884 810 948 verisimile
827 892 889 963 est,
906 885 983 950 inde
999 886 1040 948 ab
1056 883 1201 947 Hesiodo
1218 903 1321 965 usque
1337 882 1379 946 ad

98 1003 324 1087 Pherecydem
351 1003 519 1067 hominum
550 1003 720 1087 opiniones
750 1005 790 1068 de
821 1004 956 1068 deorum
987 1012 1021 1068 et
1051 1002 1165 1066 mundi
1193 1001 1379 1086 primordiis

97 1145 226 1206 semper
246 1121 310 1185 sibi
330 1123 536 1201 constitisse,
558 1124 624 1187 imo
644 1123 826 1208 probabilis
848 1130 900 1187 est
920 1125 1128 1207 conjectura,
1149 1122 1223 1185 istis
1239 1119 1379 1185 saeculis

98 1243 243 1307 omnium
260 1265 403 1321 morum,
424 1243 560 1322 artium,
581 1266 748 1307 sacrorum
765 1243 976 1309 conversione
992 1243 1045 1305 vel
1062 1241 1160 1305 claris
1175 1241 1229 1305 vel
1245 1239 1379 1304 famosis

97 1363 197 1427 etiam
213 1362 353 1426 Hesiodi
367 1363 574 1446 theologiam
589 1386 656 1427 non
670 1363 833 1426 illibatam
850 1361 998 1425 relictam
1014 1383 1087 1424 esse
1094 1410 1104 1439 ,
1126 1360 1267 1424 fortasse
1286 1359 1378 1437 licet,

99 1484 159 1547 duo
180 1481 439 1565 theogoniarum
457 1504 580 1566 genera
604 1489 681 1567 post
701 1482 884 1546 Hesiodum
908 1504 980 1545 sese
1005 1479 1238 1564 excipientium
1263 1478 1379 1544 distin-

101 1624 212 1685 guere,
237 1603 379 1666 alterum
398 1625 498 1686 prope
518 1603 560 1666 ad
576 1602 713 1666 Hesiodi
733 1601 946 1685 genealogias
965 1601 1142 1679 accedens,
1166 1601 1306 1663 alterum
1328 1598 1379 1660 his

97 1723 203 1806 magis
229 1721 373 1786 alienum
398 1729 433 1785 et
456 1723 509 1785 vel
534 1722 701 1786 nascentis
726 1721 954 1805 philosophiae
982 1720 1127 1804 impulsu
1155 1719 1208 1784 vel
1236 1717 1380 1801 peregri·

98 1865 211 1907 nanim
234 1841 433 1924 religionum
453 1841 651 1925 contagione
672 1841 736 1905 iam
758 1841 958 1926 Pherecydis
980 1840 1124 1904 inventis
1147 1838 1286 1902 similius
1301 1837 1381 1900 'red-

98 1962 218 2025 ditum.
251 1962 401 2025 Quorum
416 1983 574 2045 generum
590 1961 641 2024 illi
658 1961 769 2046 potius
791 1984 889 2043 quarn
909 1960 986 2024 huic
1007 1981 1138 2023 carmen
1156 1965 1303 2021 nostrum
1325 1957 1381 2020 ad-

98 2081 300 2166 scripserim,
318 2102 393 2144 cum
408 2080 474 2144 iam
489 2103 588 2163 supra
603 2079 684 2143 satis
700 2080 902 2163 apparuerit,
920 2085 1044 2162 quanta
1060 2079 1129 2161 ejus
1147 2085 1181 2140 et
1197 2076 1381 2140 Hesiodeae

98 2200 310 2284 Theogoniae
340 2208 429 2264 esset
459 2200 654 2263 similitudo.
705 2200 824 2282 ltaque
854 2198 977 2262 maiore
1007 2197 1075 2262 iure
1107 2204 1252 2260 octavo
1283 2216 1381 2277 quam

98 2322 240 2406 septimo
256 2321 389 2384 saeculo
405 2319 621 2383 vindicandus
637 2319 768 2383 videtur
784 2319 947 2402 Orpheus.
980 2318 1052 2381 Nec
1071 2318 1192 2381 desunt
1212 2338 1249 2379 ea
1271 2320 1381 2378 aetate

97 2448 237 2525 poetae,
268 2463 407 2523 quorum
435 2439 558 2503 sodalis
587 2439 653 2502 dici
680 2438 797 2522 possit.
852 2437 1054 2501 Recordenti
1082 2437 1188 2514 euim,
1221 2435 1320 2499 etiam
1348 2433 1382 2496 in

100 2561 248 2645 Orphica
271 2559 463 2643 Theogonis
487 2560 649 2642 quaedam
673 2560 714 2622 de
739 2559 863 2622 deabus
888 2557 1065 2620 Eleusiniis
1089 2563 1222 2620 narrata
1250 2553 1384 2618 esse'in

98 2688 246 2744 mentem
266 2679 359 2744 venit
379 2686 414 2742 et
429 2679 624 2742 Homericus
640 2679 792 2762 Hymnus
811 2678 846 2741 in
867 2678 1019 2740 Cererem
1041 2683 1076 2739 et
1096 2674 1281 2757 Eumolpi²,
1308 2673 1383 2736 Mu-

99 2801 181 2879 saei,
205 2800 347 2883 Pamphi
369 2800 514 2864 carmina
535 2799 688 2882 mystica.
728 2799 793 2862 Sed
818 2819 929 2861 eorum
954 2796 1151 2879 scriptorum
1174 2802 1325 2876 tempora
1349 2799 1385 2856 et

99 2922 246 2985 rationes
263 2928 415 2984 accurate
432 2919 567 2983 definire
583 2919 639 2982 vix
655 2941 797 3001 unquam
814 2916 998 2999 continget.
1030 2916 1071 2978 ln
1086 2914 1219 2999 Hymno
1236 2913 1269 2975 in
1285 2913 1384 2975 Cere·

99 3062 166 3104 rem
194 3043 237 3123 (v.
259 3043 320 3104 265
342 3043 404 3122 sq.)
430 3040 555 3103 bellum
580 3037 823 3102 Eleusiniorum
848 3043 963 3099 contra
987 3034 1209 3100 Athenienses
1234 3032 1302 3094 fere
1325 3031 1384 3094 tri-

99 3160 196 3243 ginta
211 3159 306 3223 annis
322 3166 399 3242 post
414 3159 575 3242 templum
593 3157 720 3221 Cereris
736 3156 906 3220 conditum
922 3156 1067 3240 ponitur.
1099 3155 1165 3218 Sed
1184 3154 1246 3216 hoc
1267 3149 1385 3215 inutile

170 3435 180 3466 ¹
199 3439 295 3488 Strato
314 3438 348 3496 Χ,
367 3442 392 3497 a,
412 3438 442 3482 αι
460 3454 489 3500 p.
508 3438 568 3496 472,
588 3436 621 3485 cf.
641 3437 702 3500 Αρι.
719 3453 749 3501 p.
772 3439 836 3483 1209
849 3451 888 3499 aq.

169 3521 296 3575 ’scidas
313 3542 335 3574 r.
353 3541 377 3574 ο.
403 3519 549 3590 Εὔμολπος,
566 3518 726 3581 Ἐλευσίνιος,
751 3519 808 3590 ἤτοι
823 3515 972 3590 Ἀθηναῖος,
996 3519 1049 3575 υίὸς
1067 3513 1198 3570 Μουσαίου
1215 3520 1261 3566 τοῦ
1279 3518 1385 3583 ποιητοῦ

104 3608 262 3666 ....οὖτος
281 3607 377 3681 ἔγραψε
400 3605 507 3663 τελετὰς
525 3602 663 3679 Δήμητρος
683 3606 728 3658 καὶ
746 3607 793 3674 τὴν
812 3606 847 3663 εἰς
866 3601 966 3658 Κελεὸν
990 3601 1070 3676 ἄφιξιν
1088 3603 1132 3655 καὶ
1150 3602 1197 3670 τὴν
1218 3609 1270 3653 τῶν
1289 3616 1384 3668 μυοίη-

104 3693 162 3766 ρίων
180 3693 318 3765 παράδοσιν
336 3693 383 3761 τὴν
406 3698 463 3750 ταῖς
485 3689 638 3763 θυγατράσιν
662 3689 740 3742 αὐτοῦ
765 3691 912 3761 γενομένην,
937 3689 987 3760 ἔπη
1005 3689 1038 3741 τὰ
1055 3689 1138 3740 πάντα
1162 3684 1295 3758 τριςχίλια.
1332 3685 1386 3734 Vix

102 3790 164 3845 puto
186 3782 243 3829 iure
267 3780 510 3842 Bernhardyum
532 3779 583 3843 (ed.
605 3778 678 3826 cuia.
706 3778 723 3826 l.
744 3796 766 3826 c.
791 3778 878 3824 adnot.
908 3783 934 3824 et
953 3780 1001 3827 Gr.
1021 3776 1098 3833 Iaca,
1122 3776 1158 3823 II
1173 3793 1201 3839 p.
1222 3771 1283 3835 336)
1305 3777 1387 3820 totam

102 3867 168 3917 hanc
187 3865 361 3915 narrationem
380 3878 413 3912 ex
430 3864 530 3912 Musaei
550 3864 674 3926 (Petason.
688 3864 723 3920 X,
737 3866 761 3909 5.
775 3861 802 3924 3)
822 3858 959 3930 Εὐμολπία
977 3860 1102 3908 deflexam
1121 3860 1215 3908 dicore.
1240 3857 1386 3906 Pausaniae

103 3953 160 4002 loco
178 3950 252 4000 nullo
269 3949 346 3997 verbo
365 3947 467 3997 Cereris
490 3962 621 3997 sacrorum
643 3949 739 3996 mentio
762 3948 798 4006 lit,
822 3949 866 3996 sed
885 3949 917 3995 de
934 3946 1042 4009 Delphis
1059 3946 1145 4009 potius
1164 3960 1240 4007 quam
1259 3944 1290 3992 de
1309 3945 1387 3992 Elou-

104 4040 156 4088 sine
176 4050 264 4087 sermo
282 4041 329 4085 est.
366 4033 419 4082 Cur
436 4042 522 4082 autem
540 4048 643 4082 carmen
662 4029 792 4085 Μουσαίου
811 4029 938 4099 εὐμολπία
961 4030 1082 4095 (Hesyoh.
1104 4027 1244 4097 εὐμολπία·
1265 4025 1385 4098 εὐφωνίαν,

104 4120 223 4192 εὐυμνία)
247 4121 400 4184 inscriptum
425 4120 571 4168 necessario
595 4134 652 4167 cum
670 4120 798 4182 Eumolpo
825 4119 962 4167 cohaerere
989 4117 1080 4166 debet?
1105 4116 1183 4176 Quod
1205 4117 1226 4164 si
1251 4116 1288 4164 ita
1309 4121 1385 4170 essct,

102 4225 188 4260 nonne
208 4203 347 4273 Edpdluuu
363 4220 410 4269 pro
429 4200 566 4270 Εὐμολπία
584 4204 745 4252 scribendum
764 4210 831 4252 esset
854 4203 921 4251 siout
939 4197 1051 4272 Rhapta,
1072 4197 1243 4254 Neruolaria?
1267 4198 1386 4248 Ceterum

103 4294 213 4354 Musaei,
232 4291 366 4354 Eumolpi,
386 4290 495 4352 Pamphi
519 4290 624 4340 nomina
641 4289 699 4337 licta
718 4303 783 4347 esse,
802 4287 878 4336 facile
897 4289 1020 4348 concedo,
1042 4289 1120 4336 modo
1143 4302 1175 4336 ne
1193 4285 1308 4334 earmina
1329 4284 1387 4348 ipsa

102 4381 281 4445 pseudonyma
298 4375 350 4425 illis
367 4375 525 4440 temporibus
544 4376 639 4438 scripta
656 4389 713 4423 esse
731 4373 858 4422 infitiaris.
