2986 4800
103 394 227 457 ierat?¹
261 392 370 456 Verba
386 400 498 454 autem
513 391 712 472 „Orpheum
728 398 862 472 poetam
878 389 978 453 docet
994 389 1195 453 Aristoteles
1211 412 1383 473 numquam

102 512 233 576 fuisse“
248 511 328 575 satis
345 510 452 574 obiter
468 534 487 574 a
500 509 659 574 Cicerone
674 509 762 572 inter
778 509 853 588 alia,
868 508 987 592 quibus
1002 509 1227 572 adversarium
1238 509 1384 574 refellere

103 632 253 709 studeat,
275 638 472 713 argumenta
492 629 603 712 posita
623 629 679 692 vix
700 629 749 692 ita
768 629 947 714 premenda
967 628 1138 707 videntur,
1160 636 1200 692 ut
1221 629 1334 692 locum
1357 628 1384 692 in

104 750 282 834 deperditis
307 749 501 813 Aristotelis
525 748 620 811 libris
644 749 809 832 fingamus
833 769 969 812 necesse
993 747 1054 826 sit,
1080 747 1138 811 nbi
1165 748 1256 811 haud
1283 748 1383 812 dubiis

102 869 212 934 verbis
235 871 407 952 Orpheum
429 891 586 951 umquam
608 867 710 931 luisse
734 875 893 951 negatum
915 867 1028 931 fuerit.
1072 866 1140 930 Cur
1163 866 1252 931 enim
1275 867 1382 932 Cicero

102 1012 169 1052 non
186 1010 227 1052 ex
243 988 337 1053 libris
356 989 397 1052 de
414 988 535 1051 Anima
554 986 598 1068 (I,
617 993 651 1064 5,
675 1011 706 1071 p.
724 991 798 1052 410.
817 991 891 1071 628)
914 995 949 1052 et
969 986 1010 1050 de
1027 987 1232 1050 Animalium
1254 1008 1382 1070 genera·

102 1108 194 1171 tione
211 1107 269 1190 (II,
290 1111 318 1186 l,
336 1131 369 1190 p.
389 1111 484 1172 itta
503 1111 569 1189 19),
593 1106 649 1169 ubl
673 1128 713 1170 01
729 1113 866 1194 Ὀρφικοῖς
886 1115 963 1176 ἔπεσι
983 1117 1212 1195 καλουμένοις
1232 1106 1382 1170 nonnulla

103 1228 293 1305 afferuntur,
309 1225 483 1310 collegerit
495 1226 601 1310 magis
615 1249 712 1309 quam
727 1225 889 1305 didicerit,
905 1226 1123 1290 Aristotelem
1137 1226 1269 1305 docere,
1284 1224 1381 1288 omnia

37 1359 41 1367 '
66 1408 69 1412 ,
103 1347 229 1429 Orphei
245 1368 343 1430 opera
360 1346 590 1410 commenticia
606 1367 678 1409 esse
695 1367 872 1429 eorumque
889 1353 1059 1409 auctorem
1073 1345 1280 1409 tralaticium
1299 1367 1380 1409 num·

73 1560 76 1565 )
102 1489 200 1548 quam
216 1465 339 1529 fuisse?
369 1467 493 1530 Verum
510 1467 555 1529 sit
571 1487 660 1544 sane,
677 1465 712 1529 id
728 1466 816 1548 quod
832 1465 965 1548 plurimi
980 1465 1110 1544 volunt,
1128 1472 1241 1529 certus
1256 1471 1292 1528 et
1308 1464 1380 1528 dilu-

102 1584 195 1649 cidus
220 1586 349 1664 locus,'
380 1608 477 1669 quem
502 1585 616 1649 Cicero
646 1585 818 1670 respiciat,
846 1583 924 1667 quid
953 1584 1000 1648 ibi
1027 1584 1142 1649 docuit
1166 1583 1380 1648 Aristoteles?

101 1705 307 1787 Philopouus
323 1705 365 1767 ad
380 1705 481 1769 verba
497 1705 537 1767 de
554 1706 619 1766 An.
637 1704 670 1781 I,
689 1710 724 1767 5:
748 1714 805 1772 ὁὲν
819 1717 873 1779 τοῖς
885 1712 1022 1793 Ὀρφικοῖς
1038 1714 1114 1774 ἔπεσι
1127 1714 1302 1790 καλουμέναις
1315 1707 1382 1788 λόγος

101 1825 184 1887 hate
200 1823 355 1886 adnotat:
379 1831 562 1910 Καλοομένοις
577 1829 651 1905 εἷπε,
672 1833 765 1910 ἐπειδὴ
787 1835 825 1912 μὴ
846 1836 923 1893 δοκεῖ
933 1831 1058 1912 Ὀρφέως
1079 1831 1197 1893 εἶναιτὰ
1217 1830 1271 1910 ἔπη
1292 1835 1328 1898 ὡς
1345 1830 1382 1889 καὶ

102 1951 182 2018 αὐτὸς
197 1952 223 2010 ἐν
237 1955 291 2018 τοῖς
304 1952 366 2030 περὶ
380 1951 535 2031 φιλοσοφίας
550 1953 634 2029 λέγει·
656 1951 739 2012 αὐτοῦ
755 1954 804 2030 μὲν
817 1954 868 2031 γάρ
884 1952 934 2013 εἰσι
946 1950 984 2014 td
999 1954 1136 2032 δόγματα·
1155 1950 1244 2012 ταῦτα
1265 1952 1296 2012 δέ
1315 1973 1382 2028 φααν

103 2063 212 2149 (aquei
233 2061 308 2126 vide
330 2084 412 2145 qnae
433 2063 475 2125 ad
497 2062 678 2145 marginem
700 2063 870 2146 adscripsi)
888 2070 1080 2150 Ὀνομάκριτον
1100 2073 1127 2131 ὲν
1148 2070 1225 2132 ἔπεσι
1243 2073 1383 2132 κατατεῖναι

102 2181 161 2266 (sio
176 2181 410 2245 Lobeckius
432 2204 489 2266 pro
510 2191 665 2250 καταθεῖναι
680 2183 760 2266 Agl.
781 2206 813 2266 p.
833 2186 895 2248 349
911 2184 956 2246 N.
985 2206 1004 2246 a
1023 2190 1108 2267 etp.
1132 2184 1218 2265 757).
1252 2181 1344 2244 Quae
1360 2178 1383 2242 si

171 2386 179 2415 ¹
192 2389 274 2437 Miror
286 2388 364 2451 igitur
376 2386 577 2437 Lobeckium
594 2389 747 2438 scribentem
761 2391 835 2455 (Api.
845 2408 876 2454 p.
890 2390 965 2453 349)=
980 2390 1129 2454 „discrepat
1141 2388 1236 2438 Cicero
1250 2387 1384 2451 Cercopem

100 2473 133 2533 ab
155 2473 295 2522 Aristotele
317 2472 414 2522 fraudis
437 2474 594 2537 appellatum
617 2475 735 2523 dicens“.
757 2503 786 2510 -
805 2475 873 2524 Illud
899 2475 1022 2536 „serunt“
1045 2476 1136 2524 recinit
1160 2490 1220 2524 cnm
1238 2473 1348 2523 Diodori
1364 2481 1384 2520 et

102 2557 198 2607 Suidae
215 2558 280 2607 locis
298 2573 376 2622 snpra
393 2559 478 2608 allatis
497 2560 596 2608 tamin
615 2560 728 2621 Tatiani,
749 2558 891 2610 Clementis
903 2560 1084 2621 Alexandrini,
1103 2561 1251 2624 Philoponi,
1271 2559 1384 2608 Aristidis

102 2642 261 2694 scholiastae
280 2645 348 2694 notis
367 2659 468 2708 semper
485 2645 622 2694 formulam
640 2642 714 2715 φασίν
733 2647 919 2709 usurpantium,
932 2647 976 2694 ubi
996 2647 1026 2695 de
1044 2647 1111 2695 reris
1131 2647 1286 2709 scriptorum
1300 2642 1385 2708 Orphi-

102 2743 190 2778 corum
208 2730 354 2779 auctoribus
373 2729 533 2793 conjecturas
551 2732 658 2781 faciunt.

169 2811 311 2864 ‘Primum
329 2817 481 2865 vocabulum
499 2817 625 2878 ,‚dooet“,
644 2831 696 2879 qno
711 2814 803 2865 Cicero
821 2831 884 2864 nsns
903 2823 950 2876 est,
970 2817 1082 2866 indicare
1101 2817 1210 2877 videtur,
1225 2816 1385 2866 Aristotelem

102 2901 197 2949 alicubi
216 2902 347 2964 aliquanto
370 2901 453 2950 fusius
476 2910 502 2951 et
520 2904 579 2951 data
602 2917 681 2966 opera
698 2904 730 2951 de
749 2900 846 2966 Orphei
865 2910 948 2952 aetate
967 2904 1129 2952 disseruisse.
1165 2901 1243 2963 Quod
1261 2901 1385 2952 tamenin

101 2986 167 3035 libro
191 2987 223 3036 de
247 2987 334 3035 Poetis
362 3002 420 3035 eum
447 2987 539 3036 fecisse
568 2988 682 3052 (Bode',
706 2989 725 3037 l.
745 3005 767 3037 ο.
784 3006 814 3052 p.
835 2988 892 3050 35),
921 2987 1006 3037 minus
1034 2989 1194 3038 crediderim.
1231 2988 1385 3051 Philopouus

102 3072 170 3119 enirn
187 3072 270 3120 verbis
288 3071 355 3120 infra
373 3073 497 3135 appositis
515 3072 594 3122 libros
613 3074 644 3122 de
662 3072 833 3136 Philosophia
851 3073 975 3133 nominat,
1000 3073 1044 3121 nbi
1062 3073 1217 3123 Aristoteles
1237 3075 1269 3121 de
1288 3071 1385 3136 Orpheo

103 3155 209 3218 ejusque
227 3157 328 3220 scriptis
347 3166 467 3206 accurate
485 3158 671 3221 disceptaverit.
709 3156 862 3206 Ciceronem
885 3165 971 3207 autem
994 3160 1103 3208 eundem
1121 3166 1200 3221 atque
1218 3158 1385 3222 Philoponun

104 3239 197 3288 librum
215 3241 241 3287 in
259 3249 344 3291 mente
361 3242 491 3302 habuisse,
510 3243 570 3291 inde
589 3243 692 3305 colligo,
713 3244 781 3305 qnod
800 3257 852 3292 non
870 3244 951 3292 multo
969 3250 1029 3292 ante
1048 3243 1094 3307 (N.
1107 3245 1144 3295 D.
1162 3245 1187 3302 I,
1203 3248 1244 3292 13.
1258 3245 1305 3306 33)
1324 3240 1384 3292 tertii

104 3326 135 3373 de
162 3323 328 3387 Philosophia
354 3327 412 3375 libri
438 3329 591 3376 meminerat
617 3326 662 3391 (cf.
690 3329 847 3389 Brandis,
876 3330 894 3379 l.
915 3347 938 3378 c.
957 3330 998 3388 II,
1016 3337 1044 3386 11,
1072 3334 1129 3395 lp.
1150 3333 1192 3390 83,
1212 3335 1246 3378 84
1265 3331 1300 3380 N.
1323 3329 1383 3389 137).

103 3409 157 3458 Nec
181 3409 256 3458 video
280 3410 358 3458 ullam
380 3412 446 3460 iuter
468 3427 507 3472 ea,
532 3427 598 3475 quae
617 3411 709 3461 Cicero
728 3420 753 3463 et
769 3413 930 3477 Philopouus
953 3415 1037 3474 tradit,
1061 3415 1271 3478 discrepantiam.
1308 3413 1384 3463 Philo·

102 3510 186 3560 ponus
205 3495 274 3543 enim
292 3496 323 3544 de
340 3495 479 3546 Aristotele
497 3498 560 3546 nihil
579 3499 649 3559 dicit,
668 3499 721 3548 nisi
739 3514 798 3548 eum
817 3501 943 3562 quaedam
957 3498 1073 3564 Orphica
1090 3500 1205 3550 carmina
1222 3515 1276 3550 non
1295 3500 1327 3549 ab
1344 3496 1383 3548 Or·

101 3581 169 3645 pheo
194 3581 290 3644 scripta
312 3590 416 3645 putasse
439 3583 465 3631 h.
486 3598 508 3632 e.
533 3593 660 3647 poetam
686 3584 817 3648 Orpheum
839 3600 979 3649 numquam
1003 3585 1084 3634 fuisse
1109 3586 1282 3635 existimasse.
1320 3583 1382 3644 Quae

102 3681 179 3730 porro
207 3667 277 3716 addit
304 3663 382 3717 αὐτοῦ
410 3666 457 3733 μὲν
471 3667 531 3739 ’γὰρ
552 3669 621 3728 ath,
649 3670 681 3719 de
708 3685 756 3719 suo
778 3670 841 3718 mihi
866 3670 977 3732 adjicere
999 3671 1098 3720 videtur
1119 3670 1218 3733 absque
1243 3667 1382 3719 Aristotelis

103 3754 261 3802 auctoritate.
291 3753 344 3801 Vix
362 3753 430 3802 enim
443 3754 528 3814 credo,
547 3755 610 3803 illud
622 3751 707 3824 φησίν,
727 3756 796 3818 quod
807 3756 914 3819 praebet
931 3755 1118 3806 Lobeckius
1137 3756 1235 3818 aliique
1246 3763 1307 3819 post
1324 3767 1380 3809 eum,

104 3838 229 3886 sinceram
252 3853 308 3889 esse
332 3839 478 3889 lectionem.
514 3839 602 3888 Bode
622 3840 653 3904 (l.
673 3857 695 3888 e.
711 3858 741 3904 p.
761 3845 793 3889 48
813 3841 848 3890 N.
868 3840 895 3904 2)
919 3841 982 3905 legit
1005 3838 1089 3911 pocla.
1125 3841 1263 3903 Equidem,
1290 3838 1380 3889 cumin

104 3921 259 3972 bibliotheca
270 3923 402 3988 Lipsieusi
414 3925 551 3988 Philoponi
570 3927 768 3975 commentarius
787 3927 818 3974 ad
836 3926 932 3974 libmm
949 3927 980 3976 de
992 3927 1089 3975 Anima
1107 3926 1216 3986 deesset,
1235 3925 1301 3974 nihil
1317 3921 1380 3988 potui

104 4006 258 4068 dijudicare,
282 4010 325 4058 sed
350 4011 471 4073 quoniam
495 4009 572 4059 lectio
596 4006 671 4078 φασίν
693 4024 745 4058 uon
769 4011 853 4059 minus
877 4011 914 4060 illi
938 4012 1060 4073 ‚,ferunt“
1085 4027 1101 4060 a
1119 4009 1247 4060 Cicerone
1269 4014 1379 4073 usurpato

105 4106 183 4154 quam
209 4089 312 4153 Suidae,
340 4095 458 4155 Diodori,
486 4094 600 4156 Tatiaui,
629 4093 769 4145 Clementis
795 4097 883 4158 Alex„
913 4096 1035 4146 Aristidis
1062 4095 1224 4146 Scholiastae
1251 4097 1317 4145 locis
1341 4090 1378 4156 (cl.

104 4176 191 4226 Bode
211 4178 229 4226 l.
250 4176 285 4242 o.)
310 4180 463 4229 unanimiter
480 4177 555 4251 φασίν
573 4181 738 4230 scribentium
757 4183 852 4244 optime
870 4183 989 4232 convenit
1007 4197 1088 4245 eaque
1106 4182 1225 4230 restituta
1243 4181 1324 4230 omnis
1341 4176 1379 4226 tol·

105 4263 165 4312 litur
188 4263 255 4312 inter
277 4260 428 4313 Ciceronem
451 4272 475 4314 et
497 4266 670 4330 Philoponum
698 4267 824 4316 dissensio
848 4268 921 4332 (Agl.
937 4285 967 4332 p.
988 4267 1064 4329 ³49),
1092 4267 1148 4316 iure
1173 4267 1238 4315 mihi
1261 4265 1378 4330 praeferre

105 4348 192 4396 videor
209 4347 306 4396 Bodii
325 4348 475 4412 scripturam
494 4346 577 4420 φασίν.
