2986 4800
61 415 259 477 morumque
279 393 424 457 virorum
444 393 566 457 iudicia
587 394 635 457 ita
655 394 854 477 discrepent,
877 402 915 457 ut
935 393 991 456 alii
1005 394 1039 457 in
1055 394 1095 459 iis
1117 416 1268 458 versuum
1286 396 1352 458 ele·

61 514 215 598 gantiam
230 512 391 576 mirentur
407 521 441 575 et
456 520 591 597 propter
607 535 753 577 summae
770 512 948 576 vetustatis
965 514 1109 576 colorem
1126 536 1181 576 eos
1198 514 1352 577 laudibus

61 633 261 710 extollant,¹
284 631 507 695 Lobeckius
528 654 606 695 vero
623 654 679 695 eos
701 640 858 717 tanquam
874 632 1025 696 inficetas
1046 632 1259 715 trivialesque
1276 655 1352 696 can-

60 753 184 816 tilenaa
206 751 366 834 increpet,
391 773 458 814 non
478 758 611 814 tantum
633 751 714 815 mihi
735 773 840 829 sumo,
866 758 905 813 ut
926 751 1110 815 discernam
1131 774 1171 814 ex
1192 753 1353 815 sermonis

62 873 191 949 colore,
222 870 279 953 qui
302 892 417 933 versus
441 871 659 933 vetustiorem
684 870 739 953 qui
763 870 979 934 recentiorem
1006 871 1167 954 originem
1190 870 1350 934 redoleat.

60 992 129 1055 Sed
148 989 286 1068 sufficit,
308 998 417 1053 totum
433 1010 541 1053 rerum
563 1011 786 1074 progressum,
809 990 915 1072 qualis
931 989 965 1053 in
986 990 1181 1073 fragmentis
1197 990 1351 1069 traditur,

61 1110 173 1174 animo
195 1110 409 1193 perlustrare,
432 1117 471 1171 ut
492 1130 743 1191 cognoscamus,
766 1109 894 1172 hiatum
917 1131 989 1173 esse
1010 1109 1098 1173 inter
1113 1111 1295 1173 Phanetem
1319 1117 1353 1172 et

61 1230 210 1293 Noctem
232 1251 250 1291 a
271 1227 535 1311 fragment-orum
557 1236 691 1291 anctore
714 1228 898 1312 descriptos
920 1228 1009 1291 haud
1029 1228 1162 1292 facilem
1183 1236 1351 1312 superatu.

62 1348 263 1430 Quicunque
287 1347 373 1411 enirn
396 1370 416 1410 a
437 1347 553 1430 quovis
579 1346 732 1411 carminis
753 1346 946 1430 theogonici
970 1346 1130 1430 scriptore
1151 1347 1351 1430 poposcerit,

64 1476 105 1529 ut
121 1466 226 1551 possit
240 1467 345 1552 prima
360 1467 402 1530 ab
419 1467 533 1549 orgine
552 1466 665 1529 mundi

373 1589 405 1638 ad
424 1604 472 1637 sua
488 1598 640 1652 perpetuum
659 1589 784 1637 deducere
802 1596 919 1651 tempora
936 1601 1039 1637 carmen
1113 1636 1121 1651 ,

63 1695 124 1751 aut
141 1695 239 1766 certe,
261 1687 289 1751 si
304 1687 411 1771 magis
427 1688 521 1765 libet,
545 1689 586 1751 ad
602 1688 816 1752 novissimam
836 1688 972 1751 deorum
986 1687 1144 1770 prolem‚⁹
1166 1709 1240 1751 eum
1255 1686 1352 1749 mira·

60 1815 175 1871 turum
196 1828 267 1870 esse
284 1806 449 1887 existimo,
472 1830 613 1890 quonam
631 1807 768 1871 consilio
786 1808 950 1891 Orpheus,
971 1814 1146 1891 postquam
1164 1828 1204 1870 ex
1221 1794 1352 1869 Chiono

60 1927 174 1990 Chaos
197 1928 456 2009 Aetheremque,
480 1948 520 1989 ex
542 1926 593 1990 his
611 1928 720 1990 Ovum
741 1926 957 2004 Mundanum,
981 1948 1022 1989 ex
1037 1947 1075 1988 eo
1098 1925 1238 2008 denique
1260 1946 1353 2009 prae·

61 2046 189 2108 clarum
198 2046 384 2108 Phanetem
399 2045 618 2129 prodeuntem
634 2044 779 2123 fecisset,
797 2046 885 2107 hunc
901 2045 956 2108 vix
971 2066 1080 2107 rerum
1095 2045 1240 2126 potitum
1249 2044 1353 2108 Nocti

58 2186 203 2247 regnum
217 2164 407 2228 tradentem
422 2164 566 2228 finxerit.
604 2165 690 2227 Nam
709 2185 791 2246 quae
812 2185 910 2226 causa
926 2162 1066 2246 cogitari
1082 2171 1204 2248 potest,
1228 2184 1285 2225 cur
1300 2184 1352 2226 res

59 2283 161 2346 modo
184 2304 226 2346 ex
242 2283 334 2347 Chao
350 2284 531 2367 productae
554 2292 589 2347 et
603 2305 661 2368 per
681 2282 868 2366 fulgentem
883 2304 922 2346 ac
938 2281 1141 2366 splenditum
1156 2283 1350 2360 Phanetem,

61 2402 119 2485 qui
136 2410 190 2464 est
211 2401 283 2486 ipsa
297 2402 410 2480 Metis,
436 2403 589 2467 conditae
606 2412 640 2466 et
662 2401 843 2481 ordinatae,
866 2425 978 2465 rursus
999 2402 1040 2465 ad
1056 2401 1176 2465 Noctis
1198 2403 1352 2465 tenebras

60 2521 276 2585 relabantur?
308 2524 363 2585 An
379 2522 456 2604 quia
472 2521 587 2586 Amori
608 2560 639 2569 -
660 2544 736 2584 nam
751 2521 779 2584 is
802 2543 931 2604 quoque
948 2523 1078 2585 Phanes
1104 2528 1208 2584 est-
1229 2523 1351 2605 conjux

63 2640 216 2703 addenda
239 2640 416 2705 videbatur
438 2663 545 2724 neque
567 2641 632 2705 alia
656 2639 894 2722 digniorem,
921 2662 1003 2723 quae
1026 2663 1101 2703 cnm
1125 2662 1164 2703 eo
1185 2639 1352 2705 consocia·

63 2766 166 2838 retur,
184 2782 283 2842 quam
298 2760 387 2838 Nox,
404 2760 537 2824 assidua
552 2760 635 2824 lucis
652 2759 853 2844 pedisequa?
884 2762 933 2822 At
948 2758 1087 2822 Hesiodi
1103 2781 1232 2842 quoque
1249 2761 1353 2823 Amor

62 2879 197 2942 caelebs
220 2886 272 2942 est
292 2900 399 2962 neque
420 2878 497 2943 inde
518 2886 624 2964 patet,
651 2900 750 2961 quare
767 2901 849 2966 opus
871 2877 985 2956 fuerit,
1012 2884 1051 2940 ut
1065 2879 1196 2941 Phanes
1220 2900 1352 2962 prorsus

61 2997 201 3082 imperio
227 3020 262 3061 se
284 2998 455 3063 abdicaret
480 3005 513 3062 et
534 3020 592 3083 per
617 3019 821 3081 consequens
843 3006 974 3081 tempus
998 2997 1085 3060 iners
1107 3003 1142 3059 et
1165 3017 1268 3080 paene
1294 2996 1352 3059 ob·

60 3116 187 3180 livione
204 3117 343 3181 obrutus
364 3117 398 3180 in
415 3117 568 3202 conjugis
591 3125 685 3181 antro
702 3117 843 3195 sederet,
867 3118 972 3181 donec
988 3139 1007 3179 a
1022 3117 1104 3179 Jove
1126 3115 1350 3179 devoraretur.

60 3237 185 3299 Nonne
211 3237 238 3299 is
260 3258 429 3320 regressus
455 3237 686 3321 potiusquam
712 3258 905 3321 progressus
928 3234 1099 3301 habendus
1125 3236 1196 3298 est?
1229 3235 1354 3298 Contra

61 3355 176 3418 omnia
191 3354 279 3419 bono
295 3355 409 3419 ordine
424 3356 620 3441 procedunt,
638 3356 667 3419 si
678 3356 791 3434 sumis,
808 3363 905 3419 vetus
920 3376 1052 3420 carmen
1066 3356 1204 3419 aNocte
1220 3355 1352 3418 demum

134 3576 144 3606 ¹
163 3577 205 3628 cf.
224 3580 287 3644 Ayl.
304 3596 334 3644 p.
354 3585 414 3638 400,
433 3585 483 3628 404
503 3588 528 3628 et
544 3583 664 3644 Zoega,
684 3581 703 3630 l.
724 3598 746 3630 c.
763 3598 792 3646 p.
813 3586 863 3628 214
882 3581 916 3630 N.

133 3660 289 3712 ’Preller
314 3664 341 3712 in
367 3666 458 3714 Mein.
482 3666 552 3714 Mus.
577 3665 611 3714 N.
633 3666 663 3714 F.
684 3666 739 3725 11⁷,
758 3668 807 3713 379
835 3664 1009 3728 Pherecydem
1036 3666 1097 3714 dicit
1123 3666 1215 3714 Jovem
1240 3663 1352 3726 primum
1441 3648 1447 3659 ⁸

60 3748 180 3798 omnium
207 3762 292 3797 rerum
318 3749 482 3812 principium,
511 3750 602 3797 deinde
629 3750 760 3812 Amorem,
789 3751 864 3799 tertio
891 3751 1060 3813 Demiurgum
1087 3749 1261 3811 descripsisse.
1300 3746 1351 3798 Sed

59 3833 226 3896 Pherecydes
237 3834 319 3897 magis
336 3835 505 3898 philosophus
519 3843 573 3884 erat
591 3849 668 3896 quam
684 3842 762 3898 poeta
780 3835 826 3897 (cf.
839 3837 924 3886 Arar.
937 3837 1002 3886 Met.
1016 3835 1094 3893 XIV,
1106 3852 1135 3899 p.
1151 3838 1213 3882 1091
1229 3835 1243 3883 t
1261 3838 1276 3882 8
1289 3835 1350 3898 sq).

58 3918 159 3968 Nescio
183 3918 275 3980 igitur,
300 3935 334 3968 an
359 3934 392 3968 ex
414 3920 477 3978 hoc,
503 3921 571 3981 quod
589 3919 749 3983 Pherecydes
773 3921 866 3984 triplici
891 3921 965 3983 quasi
988 3921 1083 3982 impetn
1108 3920 1273 3983 genealogias
1291 3935 1351 3970 suas

59 4005 265 4064 consummavit,
288 4005 408 4068 colligere
427 4005 515 4065 liceat,
535 4005 603 4053 idern
622 4005 699 4055 etiam
718 4004 849 4069 Orpheum
867 4006 971 4064 fecisse,
997 4018 1073 4067 quern
1090 4005 1243 4054 Aristoteles
1262 4006 1352 4054 eodem

59 4090 122 4137 loco
148 4088 216 4136 inter
237 4091 438 4139 vestustissimos
461 4098 551 4153 poetas
574 4099 715 4140 recenseat.
751 4089 876 4140 Preller
900 4089 932 4137 ad
955 4090 1076 4138 tuendam
1100 4104 1173 4139 suam
1200 4091 1351 4139 sententiam

58 4173 163 4221 nullum
187 4174 237 4222 nisi
261 4173 390 4238 Orphicae
414 4175 570 4237 theogoniae
594 4177 740 4239 exemplum
763 4174 869 4223 exhibet
893 4175 924 4236 (l.
945 4191 966 4223 c.
982 4190 1012 4238 p.
1033 4179 1081 4223 387
1106 4177 1140 4226 N.
1165 4176 1213 4238 16).
1251 4174 1301 4223 Sed
1325 4175 1351 4223 id

59 4260 151 4322 ipsum
168 4272 238 4307 nnnc
258 4261 403 4322 quaeritur,
425 4274 488 4307 num
505 4258 569 4308 baec
593 4261 720 4310 eiusmodi
741 4260 860 4308 habuerit
876 4272 1039 4322 progressum
1062 4261 1188 4309 interdum
1209 4261 1351 4309 hiscentem

59 4352 88 4391 et
108 4343 290 4406 interruptum.
1289 4346 1293 4354 ·
