2986 4800
724 220 764 282 89

99 439 210 500 neque
226 416 259 480 in
276 417 476 481 Graecorum
492 441 597 502 neque
614 421 749 484 aliarum
766 421 916 505 gentium
932 422 1057 506 mythis
1074 423 1199 506 aliquid
1217 422 1323 485 simile
1345 422 1385 486 de

101 538 203 620 hujus
227 537 281 600 dei
304 536 383 599 fatis
406 537 560 602 traditur.
605 539 809 622 Epimenidis
834 548 914 623 αἰών,
940 562 1036 623 quem
1060 542 1193 625 Zoega
1217 541 1384 637 arcessit,¹

101 656 196 719 Jovis
216 656 304 719 filius
326 656 457 720 videtur
478 657 579 720 t'uisse
600 658 738 742 ideoque
761 661 816 723 vix
838 660 878 723 ab
907 682 944 722 eo
972 660 1133 725 resorberi
1159 661 1285 744 potuit,
1312 684 1386 724 cum

102 783 202 859 poeta
218 776 424 839 nullomodo
441 777 555 840 Jovem
573 800 659 841 nune
678 787 762 848 αἰῶνα
781 788 815 844 et
833 787 908 866 φύσιν
927 786 1155 862 procreantem
1175 802 1261 843 nunc
1281 802 1386 843 resor-

102 897 236 960 bentem
263 903 297 958 et
320 918 431 958 rursus
456 897 521 959 alia
545 897 673 961 ratione
697 899 856 962 mundum
882 899 1078 962 condentem
1107 899 1231 981 fingere
1259 906 1383 983 posset.

102 1015 220 1097 Neque
235 1015 407 1078 Valentini
423 1016 575 1079 Gnostici
595 1039 713 1080 aeones
734 1017 924 1082 adhibendi.
957 1017 1040 1081 Quis
1061 1019 1147 1083 enim
1169 1019 1261 1081 illam
1282 1023 1387 1104 σοφίαν,

104 1133 248 1197 omnium
265 1156 404 1197 aeonum
420 1135 586 1214 ultimam,
608 1159 690 1219 quae
705 1137 874 1216 „recurrit
889 1137 923 1200 in
938 1137 1199 1221 profunditatem
1215 1137 1385 1215 Patris“,¹

104 1254 302 1318 contendere
318 1255 438 1318 audeat
454 1277 527 1318 cum
545 1257 693 1320 Phanete
709 1280 728 1320 a
743 1259 824 1320 Jove
847 1257 1025 1320 devorato?
1055 1258 1186 1320 Phanas
1208 1257 1255 1319 ita
1275 1256 1386 1339 potius

103 1375 235 1452 Jovem,
259 1396 357 1456 quam
379 1374 508 1457 Jupiter
528 1376 712 1439 Phanetem
735 1375 943 1440 desorbuisse
967 1375 1125 1440 dicendus
1149 1383 1230 1440 erat.
1271 1374 1386 1438 Amori

105 1501 210 1557 autem
228 1492 394 1556 Hesiodea
416 1494 498 1556 nihil
521 1517 594 1558 cum
615 1498 698 1559 Jove
720 1502 771 1559 est
793 1503 827 1559 et
848 1497 935 1578 apud
955 1495 1179 1579 Pherecydem
1201 1495 1331 1578 Jupiter
1352 1493 1386 1556 in

107 1617 275 1690 Amorem,
302 1613 358 1696 qui
382 1620 480 1677 antea
503 1612 568 1676 nori
593 1614 718 1694 fuerat,
745 1615 959 1678 convertitur.
1000 1617 1120 1678 Restat
1144 1613 1247 1698 igitur
1270 1613 1383 1677 Metis.

105 1732 204 1817 Cujus
223 1732 356 1815 quidem
372 1732 541 1817 cataposin
557 1736 715 1818 theologo
734 1742 848 1799 nostro
864 1736 1073 1798 obversatam
1090 1756 1160 1799 esse
1175 1734 1238 1797 etsi
1253 1733 1385 1796 minime

102 1875 201 1937 nego,
225 1859 339 1916 tamen
354 1853 456 1915 Metis
473 1853 597 1916 Oceani
613 1855 681 1917 filia
697 1865 731 1919 et
747 1855 916 1918 Minervae
932 1862 1038 1918 mater
1057 1861 1128 1917 tam
1147 1853 1276 1916 diversa
1296 1860 1348 1916 est
1367 1875 1386 1916 a

101 1974 250 2036 Phanete
273 1983 386 2057 ὠαγενεῖ
406 1973 616 2055 omniumque
639 1975 774 2037 deorum
797 1982 908 2058 patre,
933 1981 972 2036 ut
997 1996 1037 2036 ex
1062 1995 1117 2051 ec,
1145 1974 1232 2055 quod
1255 1974 1386 2036 Phanes

101 2114 344 2174 nonnumquam
369 2091 468 2154 etiam
489 2100 574 2179 Μῆτις
596 2093 799 2176 appellatur,
824 2115 889 2156 non
912 2092 1012 2155 liceat
1035 2092 1207 2175 colligere,
1233 2091 1385 2156 omnibus

100 2211 306 2296 temporibus
322 2211 480 2275 Phanetis
496 2211 641 2275 fabulam
658 2213 690 2276 in
708 2212 778 2295 ejus
795 2212 964 2295 cataposin
982 2212 1111 2275 exiisse.
1143 2212 1216 2274 Irno
1233 2212 1331 2275 etiarn
1351 2212 1385 2274 in

100 2330 300 2396 Phoenicum
317 2338 351 2394 et
368 2332 609 2416 Aegyptiorum
632 2332 852 2415 cosmogoniis
876 2339 1052 2395 occurrunt
1076 2330 1207 2414 quidem
1231 2329 1383 2394 nonnulli

100 2451 158 2531 dii,
182 2452 236 2534 qui
259 2451 399 2517 sortasse
420 2474 494 2515 cum
516 2454 664 2516 Phanote
686 2453 904 2537 componendi
926 2453 1008 2531 sint,
1033 2453 1091 2518 sed
1115 2473 1243 2534 semper
1264 2450 1383 2514 intacti

100 2579 132 2635 et
154 2570 307 2634 inviolati
329 2594 424 2633 suum
446 2571 481 2634 in
504 2571 708 2655 genealogiis
725 2573 879 2635 obtinent
898 2572 1020 2649 locum,
1045 2593 1152 2654 neque
1176 2571 1281 2633 ullum
1305 2570 1383 2635 novi

99 2692 297 2774 exemplum,
319 2683 382 2774 quo
400 2691 499 2755 etiam
516 2692 595 2755 alibi
610 2692 715 2754 totius
732 2691 845 2755 mundi
862 2690 1108 2754 conversionem
1125 2698 1159 2753 et
1178 2713 1383 2755 consumma-

99 2812 222 2875 tionem
240 2810 288 2873 ita
303 2811 503 2894 descriptam
521 2833 592 2874 esse
609 2810 794 2890 evincatur,
812 2817 850 2874 ut
865 2811 1029 2874 secundus
1046 2809 1178 2893 quidam
1194 2811 1383 2893 demiurgus

99 2931 240 3016 primum
262 2931 469 2994 devoraverit
489 2953 666 3014 rursusque
687 2953 727 2994 ex
748 2954 782 2994 se
805 2953 918 2994 omnes
940 2952 993 2994 res
1016 2929 1150 2993 meliore
1174 2929 1287 2992 ordine
1309 2952 1383 3013 pro-

99 3051 271 3115 creaverit.
311 3050 407 3114 Unde
431 3049 548 3115 incidit
570 3050 651 3113 mihi
674 3051 834 3134 suspicio,
858 3050 1067 3113 Hellanicum
1090 3048 1228 3137 primam
1252 3048 1383 3131 quidem

98 3179 228 3255 partem
244 3169 376 3233 fabulae
391 3170 554 3254 integram
572 3191 612 3232 ex
629 3169 778 3252 qualibet
795 3170 955 3233 relatione
977 3169 1176 3252 theogonica
1198 3169 1230 3231 in
1254 3189 1384 3231 carmen

98 3314 193 3354 suum
209 3290 389 3375 recepisse,
412 3290 550 3353 alteram
567 3313 660 3368 vero,
684 3289 757 3353 dico
775 3289 963 3372 cataposin,
985 3289 1092 3374 ipsum
1113 3288 1248 3352 finxisse
1269 3295 1303 3351 et
1324 3311 1382 3352 suo

97 3412 207 3473 Marte
228 3409 405 3473 addidisse.
446 3410 544 3473 Quod
565 3433 621 3472 cur
640 3410 774 3489 fecerit,
796 3432 860 3473 non
885 3409 1021 3474 difficile
1045 3416 1097 3471 est
1120 3409 1161 3471 ad
1184 3407 1382 3490 intellegen-

98 3530 187 3593 dum.
216 3529 251 3592 Si
267 3528 353 3592 enim
370 3529 501 3593 Stoicus
518 3537 598 3608 erat,
616 3530 881 3614 perincommode
898 3530 927 3593 ei
943 3528 1074 3608 accidit,
1092 3537 1130 3593 ut
1146 3530 1228 3592 duos
1244 3526 1383 3590 haberet

98 3621 213 3713 mundi
237 3649 424 3712 conditores
448 3652 630 3713 Phanetem
655 3656 688 3712 et
712 3651 839 3712 Jovem.
878 3649 1008 3732 Jupiter
1033 3649 1119 3712 enim
1143 3647 1225 3712 alios
1240 3627 1383 3729 quidem

98 3770 193 3846 deos,
215 3768 271 3851 qui
287 3790 328 3831 ex
343 3776 453 3833 mente
471 3769 657 3833 Stoicorum
673 3769 803 3833 nonnisi
819 3769 1058 3854 appellationes
1075 3774 1186 3831 essent
1202 3766 1383 3851 proprieta-

97 3896 167 3951 tum
193 3887 323 3966 Jovis,³
345 3889 429 3953 ferre
452 3911 548 3972 posse
572 3888 760 3968 videbatur,
784 3910 845 3952 nec
867 3895 979 3951 tamen
998 3890 1198 3966 Phanetem,
1223 3908 1319 3970 quem
1343 3909 1384 3951 ex

168 4129 228 4181 ¹L.
250 4150 271 4181 α.
288 4149 318 4196 p.
341 4135 397 4192 rsa,
420 4135 476 4191 roo,
496 4137 555 4180 aco.

167 4215 334 4283 ‘Hippolya
354 4220 415 4283 Res.
431 4236 460 4283 p.
481 4221 539 4278 275,
559 4223 600 4268 71.

168 4301 275 4367 ³Di09.
295 4304 327 4352 L.
352 4304 413 4360 VII,
435 4306 495 4353 147:
521 4301 582 4357 θεὸν
601 4304 639 4370 (h.
660 4319 681 4352 c.
701 4303 804 4372 Jovem)
829 4302 937 4359 πολλαῖς
958 4300 1132 4379 προςηγορὶαις
1154 4295 1384 4376 προςονομάζεσθαι

95 4388 165 4441 κατὰ
182 4386 230 4445 τὰς
248 4387 367 4457 δυνάμεις
383 4387 441 4439 κτλ.
