2986 4800
735 161 753 220 8

661 247 832 254 -..—-..-—

100 386 202 426 unum
225 364 383 446 probant,
409 363 588 430 Proculum
611 361 645 427 in
666 359 858 444 Theogonis
885 357 1030 441 Orphica
1055 359 1156 422 etiam
1181 358 1221 421 de
1247 358 1393 441 quodam

101 484 230 547 Phorco
257 489 391 570 Οὐρανίδῃ
416 484 450 545 h.
477 504 506 545 e.
530 481 647 545 litans
672 480 797 563 aliquid
821 479 948 542 dictum
972 476 1144 560 reperisse.
1191 477 1265 540 Oua
1292 500 1392 542 exre

102 600 250 684 quamvis
276 601 471 667 concludere
493 624 560 664 non
583 600 713 678 liceat,¹
736 600 911 662 Platonem
935 597 994 660 illo
1017 596 1142 661 Timaei
1165 597 1240 661 loco
1263 619 1305 660 ex
1325 619 1392 660 uno

101 721 281 803 eodemque
308 720 450 783 carmine
479 720 626 803 vulgaris
651 719 842 802 theologiae
866 716 1069 781 lineamenta
1098 715 1301 800 excerpsisse
1327 739 1391 799 quo

100 840 261 902 Proculus
285 862 365 902 usus
387 839 446 916 sit,
473 846 586 902 tamen
608 838 705 902 facile
731 836 801 901 fieri
825 836 950 920 potuit,
977 844 1015 899 111
1041 836 1174 919 quidam
1197 834 1392 899 recentioris

102 957 222 1021 aetatis
244 959 519 1042 Pseudoorpheus
544 980 585 1022 ex
609 956 731 1021 veteris
754 956 880 1040 Orphei
903 956 989 1019 libro
1012 978 1087 1018 cum
1112 954 1272 1018 aliatum
1296 953 1392 1016 illum

101 1078 269 1140 Phorcum
279 1076 432 1140 Pitanem
448 1076 622 1141 delibaret.
648 1076 739 1140 Ouid
755 1076 860 1139 enim?
876 1077 998 1139 Nonne
1008 1073 1274 1158 Rhapsodiarum
1290 1073 1391 1156 scrip-

101 1202 155 1259 tor
171 1218 317 1259 summae
334 1195 515 1279 impietatis
531 1218 592 1260 nec
608 1218 674 1261 non
689 1194 921 1278 imprudentia,
940 1195 1144 1258 damnandus
1161 1199 1261 1270 esset,
1280 1191 1309 1255 si
1322 1191 1392 1275 ipse

103 1315 229 1398 Orphei
243 1338 364 1379 nomen
379 1314 443 1380 sibi
452 1315 626 1380 induturus
643 1315 806 1379 sincerum
821 1321 920 1397 atque
936 1313 1124 1397 legitimum
1136 1312 1192 1395 qui
1206 1313 1391 1376 1111111111-

101 1433 201 1497 batur
226 1435 397 1518 Orpheum
420 1457 553 1518 prorsus
578 1435 798 1519 neglexisset,
825 1435 904 1497 dum
924 1433 1106 1496 Homerum
1131 1439 1166 1496 et
1187 1431 1391 1495 Hesiodum²

102 1553 287 1629 sexcenties
302 1554 516 1617 imitabatur?
540 1555 613 1618 Nec
630 1555 750 1617 desunt
766 1553 800 1616 in
815 1552 894 1637 ipsis
911 1553 1039 1616 duobus
1056 1551 1205 1616 versibus
1222 1552 1391 1615 aProculo

100 1672 244 1750 traditis,
270 1694 352 1755 quae
369 1671 446 1736 huic
468 1673 678 1755 conjecturae
694 1671 839 1736 faveant.
878 1672 978 1755 Apud
994 1671 1176 1735 Hesiodum
1199 1669 1288 1734 enim
1309 1670 1391 1754 legi-

102 1814 190 1853 mus:
212 1799 280 1858 Γαῖα
294 1839 389 1859 ......

259 1907 367 1983 Οὐρανῷ
386 1909 525 1982 εὐνηθεῖσα
543 1909 595 1964 τέκ’
612 1908 733 1964 Ὠκεανὸν
753 1909 893 1982 βαθυδίνην

259 2009 340 2066 Κοῖόν
357 2033 385 2066 τε
405 2010 487 2086 Κρῖόν
505 2011 527 2066 t'
543 2010 679 2086 Ὑπερίονά
696 2010 716 2066 τ’
734 2010 850 2066 Ἰαπετόν
868 2032 906 2074 τε,

259 2113 338 2169 Θεῖαἱν
355 2135 383 2169 τε
399 2113 487 2169 Ῥείαν
504 2135 532 2168 τε
553 2113 632 2186 Θέμιν
650 2134 678 2168 τε
697 2111 873 2186 Μνημοσύνην
891 2135 919 2167 τε

258 2215 357 2290 Φοίβην
375 2237 403 2270 τε
422 2219 626 2291 χρυσοστέφανον
638 2215 728 2288 Τηθύν
745 2215 765 2270 τ’
785 2219 916 2290 ἐρατεινήν
935 2218 1046 2282 (Theog.
1060 2221 1147 2268 1.,132
1161 2217 1224 2281 sq.).
1288 2222 1292 2230 ‘

102 2335 286 2400 Duodecim
317 2336 364 2399 ibi
394 2343 472 2399 sunt
496 2336 631 2433 Titanes
662 2344 696 2400 et
721 2336 902 2400 Titanides.
950 2336 1016 2398 Cur
1046 2335 1149 2418 igitur
1178 2334 1212 2398 in
1239 2333 1393 2418 Orphicis

102 2454 301 2538 Rhapsodiis
317 2455 371 2518 hio
386 2455 542 2518 solemnis
558 2461 717 2532 interrito<
731 2477 886 2518 numerus
902 2454 1050 2518 abiectus
1066 2461 1128 2532 est,
1147 2476 1204 2517 cur
1219 2453 1392 2517 Titanibus

102 2575 251 2637 Phorcus
267 2573 475 2638 Titanidibus
491 2573 600 2638 Diona
616 2575 730 2638 addita
746 2576 816 2639 est³
834 2574 881 2637 ita
896 2581 935 2636 ut
950 2573 984 2636 in
999 2573 1039 2637 iis
1057 2576 1266 2638 caneretur2⁴
1291 2582 1330 2660 Γῆ

260 2710 325 2764 ἕπτα
344 2714 390 2783 μὲν
409 2713 517 2772 εὐειδεῖς
535 2714 637 2783 κούρας,
658 2713 820 2774 ἑλικώπιδας,
841 2712 927 2782 ἁγνάς,

261 2813 325 2867 ἕπτα
344 2815 372 2868 δὲ
390 2817 484 2873 παῖδας
503 2815 615 2874 ἄνακτας
633 2814 746 2886 ἐγείνατο
765 2815 944 2888 λαχνήενταςῗ

174 3035 266 3088 ²Nam
284 3047 385 3103 praeter
402 3039 453 3089 hoc
476 3055 565 3100 unum,
591 3041 659 3103 quod
678 3041 762 3090 simile
787 3047 834 3101 est,
859 3042 940 3089 multa
958 3048 1017 3090 sunt
1035 3041 1190 3090 discriminis
1215 3040 1311 3089 indicia
1327 3039 1393 3087 inter

104 3125 266 3188 Rhapsodias
292 3133 317 3174 et
335 3126 450 3175 Platonis
469 3125 602 3189 Orpheum
625 3127 816 3176 intercedentis.
853 3126 975 3176 Timaeus
1001 3127 1070 3175 enim
1088 3141 1103 3175 a
1123 3124 1204 3175 Coelo
1223 3139 1313 3174 omnes
1331 3124 1391 3172 deos

105 3211 226 3258 oriundos
245 3211 307 3259 facit
326 3218 351 3260 et
369 3209 502 3261 Oceanum
520 3212 643 3260 Titanum
664 3218 763 3275 patrem
785 3212 880 3261 habere
902 3212 1014 3274 videtur3
1038 3212 1207 3260 Proculianae
1231 3225 1292 3260 vero
1310 3210 1393 3259 Theo-

104 3295 197 3357 goniac
216 3285 305 3344 auctor
324 3294 455 3344 Oceanum
475 3295 579 3345 Saturni
602 3305 796 3359 ceterorumque
813 3297 936 3346 Titanum
958 3297 1062 3346 fratrem
1080 3296 1167 3360 lingit,
1187 3297 1224 3344 ita
1240 3303 1270 3344 ut
1288 3295 1392 3344 Titanes

104 3393 157 3428 non
176 3386 282 3442 nepotes
301 3381 346 3429 sed
364 3380 410 3428 filii
424 3379 499 3430 Coeli
516 3382 663 3442 reddantur,
683 3382 775 3446 stipsi
794 3379 875 3431 Coelo
893 3383 960 3445 patri
978 3380 1119 3442 Chronum,
1140 3379 1227 3430 Chaos
1244 3381 1393 3431 Aetherem-

107 3479 166 3527 que,
184 3465 336 3525 Phanetem,
356 3465 465 3514 Noctem
483 3467 631 3529 praemittit.

146 3559 147 3562 ’
174 3546 429 3616 Β1)1Ηο111101]”.
449 3553 511 3616 Ayt.
527 3570 558 3616 p.
579 3554 636 3612 517,
657 3553 756 3602 511117.
774 3568 801 3618 y.
822 3556 870 3600 538
890 3551 949 3600 coll.
969 3555 1017 3602 607
1032 3569 1070 3616 aq.
1091 3556 1150 3612 546,
1171 3555 1228 3613 554,
1251 3555 1311 3612 558,
1331 3554 1393 3610 5923

105 3637 136 3686 de
154 3637 270 3686 Hesiodo
285 3655 315 3703 p.
337 3642 395 3697 504,
416 3641 474 3698 505,
495 3638 570 3698 test,
595 3643 652 3700 542,
674 3643 732 3699 564,
754 3638 820 3687 5671
844 3637 926 3701 (Malo
951 3638 1091 3686 secundum
1114 3636 1276 3686 Loheckii
1300 3636 1394 3699 Aglao-

104 3722 226 3786 phamum
240 3723 319 3772 citare
332 3737 409 3786 quarn
423 3724 563 3772 secundum
580 3722 760 3772 Mullachii
778 3723 958 3772 collectionem
969 3722 1169 3786 fragmentorum
1181 3721 1277 3785 philos.
1291 3719 1393 3780 Graec,

106 3808 166 3869 quia
182 3809 209 3856 in
227 3809 276 3857 hac
293 3809 375 3857 multa
398 3809 503 3869 desunt,
528 3809 609 3856 multa
632 3809 726 3856 mirum
744 3808 771 3856 in
795 3807 900 3856 modum
918 3808 1035 3869 confusa,
1062 3808 1197 3870 discerpta,
1218 3807 1395 3870 conglutinata

105 3891 243 3957 videntur).
280 3893 412 3958 Orpheum
435 3895 517 3958 magis
542 3894 574 3942 ab
599 3901 703 3942 auctore
722 3893 867 3943 Hesiodeae
889 3893 1045 3956 theogoniae
1063 3900 1213 3956 excerptum
1238 3908 1296 3942 esse
1316 3890 1394 3941 Ger-

105 3978 186 4026 hard
212 3979 240 4042 (l.
261 3993 282 4027 c.
302 3996 327 4044 p.
348 3986 379 4030 58
398 3981 430 4029 Ν.
452 3985 483 4031 75
509 3987 534 4029 11
557 3981 637 4029 Under
654 3982 696 4029 die
714 3981 868 4030 hesiodircte
888 3981 1026 4044 dhaoyonie
1051 3977 1155 4043 [Berl'm
1180 3977 1268 4042 1856],
1287 3993 1312 4040 p.
1335 3975 1394 4039 139)

106 4069 132 4112 et
155 4064 186 4112 R.
206 4048 325 4112 Merkel
349 4066 524 4131 (Philoloyar,
548 4066 643 4125 XVII,
668 4069 715 4114 138
733 4063 783 4130 sq.)
809 4065 994 4114 iudicaverunt.
1032 4062 1083 4112 Sed
1106 4063 1140 4112 cf.
1159 4077 1226 4125 quae
1251 4062 1318 4112 infra
1341 4062 1394 4110 dic-

105 4157 177 4198 turus
195 4164 261 4199 sum.

175 4231 266 4299 ³A9t.
283 4252 314 4300 p.
336 4239 392 4282 505.

173 4317 185 4349 ⁴
202 4321 328 4370 Proculus
346 4321 373 4370 s'n
394 4321 456 4370 ran.
476 4322 516 4380 ΙΙ,
538 4327 583 4374 137
605 4326 629 4373 Β
647 4323 699 4388 (sd.
721 4321 881 4383 Schneider).
