2986 4800
780 197 820 257 68

158 403 298 462 mortem
314 397 425 463 futura
437 396 513 461 inde
527 397 567 460 ab
581 396 687 460 Iliade
698 419 802 480 usque
817 398 858 461 ad
872 396 1002 460 Solonis
1014 403 1049 459 et
1062 395 1348 461 Pisistratidarunr
1360 403 1440 459 tem·

156 539 246 600 pora,
258 516 399 580 fortasse
409 517 457 579 ita
463 517 729 600 respondendum
739 523 801 580 est.
819 516 974 580 InIliade
984 523 1018 580 et
1025 515 1441 600 antiquissimisOdysseae

155 635 248 700 libris
259 658 372 699 omnes
388 635 515 700 animae
525 643 603 720 post
614 644 754 700 mortem
768 636 804 700 in
814 636 893 700 Oroi
903 638 1036 701 domum
1046 637 1185 700 veniunt
1199 635 1312 719 ibique
1328 657 1441 699 omnes

155 738 292 821 eandem
308 755 458 820 tristem¹
475 758 620 821 subeunt
630 756 869 821 condicionem.
894 759 1076 840 Postquam
1092 763 1203 820 autem
1218 755 1285 820 iam
1301 761 1440 820 exeunte

153 883 267 940 aetate
282 876 478 940 Homerioa²
496 875 614 940 Graeci
630 877 669 940 de
685 878 784 940 rebus
800 877 951 941 humanis
972 883 1007 940 et
1028 876 1146 940 divinis
1167 875 1274 960 magis
1290 874 1440 938 meditari

157 1003 409 1075 oonsueverunt,
432 996 573 1080 primum
589 996 737 1079 iniquum
752 997 938 1075 videbatur,
960 996 988 1059 si
1008 996 1089 1059 iusti
1105 1002 1140 1060 et
1154 996 1270 1060 iniusti
1284 994 1358 1079 pari
1373 1017 1439 1079 pre·

156 1122 323 1180 merentur
338 1115 372 1179 in
383 1116 469 1179 Oreo
484 1115 625 1180 miseria.
651 1117 770 1199 Itaque
781 1117 933 1180 Menelao
947 1123 1073 1186 Ἠλύσιον
1087 1124 1180 1185 πεδίον
1194 1116 1314 1199 (Odys.
1327 1120 1359 1193 t,
1372 1117 1439 1198 563)

157 1237 218 1299 sub
228 1236 476 1299 Rhadamanthi
491 1235 627 1321 imperio
643 1235 861 1321 promittitur,
878 1258 956 1299 mox
970 1258 1046 1300 vero
1063 1237 1215 1299 omnibus
1232 1242 1267 1298 et
1276 1234 1438 1298 Thebanis

157 1355 350 1439 etTrojanis
367 1355 521 1421 heroibus
538 1366 669 1444 μακάρων
682 1367 756 1444 ιη’σοι
772 1380 791 1420 a
807 1359 949 1420 Saturno
964 1377 1043 1439 rege
1060 1355 1311 1419 administratae
1328 1375 1438 1418 oonee·

157 1476 311 1539 duntur.³
350 1476 475 1540 Contra
492 1476 625 1558 quidam
640 1476 790 1540 homines
807 1475 982 1559 insigniter
997 1475 1132 1539 scelesti
1146 1475 1289 1559 primum
1305 1474 1341 1538 in
1358 1476 1437 1537 Orto

157 1596 273 1680 (Odys.
293 1600 343 1674 11,
368 1600 428 1660 565
446 1598 520 1678 sq),
539 1596 657 1661 deinde
673 1595 707 1659 in
723 1597 872 1674 Tartar0,
896 1596 951 1678 qui
967 1594 1195 1678 antiquissimo
1211 1601 1365 1678 tempore
1380 1616 1439 1657 non

155 1715 218 1777 nisi
235 1715 389 1778 Titanum
410 1737 521 1779 eareer
541 1716 743 1793 habebatur,
767 1737 888 1799 poenas
910 1715 1153 1778 crudelissimas
1175 1715 1266 1778 luere
1289 1713 1438 1778 dicuntur

157 1835 265 1917 (Plato
282 1834 417 1898 Phaedo
433 1859 466 1920 p.
485 1840 546 1900 113
563 1837 591 1898 E
598 1861 606 1912 3
632 1826 734 1918 Gorg.
752 1859 783 1919 p.
800 1840 860 1900 526
877 1837 905 1897 B
922 1836 999 1898 coll.
1017 1837 1099 1919 Rep.
1116 1835 1159 1912 X,
1177 1839 1238 1899 615
1255 1833 1313 1920 B).
1362 1834 1438 1896 Cum

155 1952 259 2036 igitur
279 1954 328 2016 ita
348 1954 454 2038 magis
476 1955 647 2038 magisque
668 1954 777 2039 opinio
798 1955 1071 2041 percrebruisset,
1096 1961 1174 2039 post
1194 1954 1300 2018 vitam
1320 1952 1439 2017 animas

155 2060 210 2137 uel
226 2074 339 2159 poenis
355 2076 408 2138 vel
424 2074 577 2158 praemiis
600 2076 756 2138 affectum
777 2075 833 2153 iri,
856 2075 927 2138 fieri
947 2098 1013 2140 non
1033 2073 1160 2160 potuit,
1183 2074 1262 2157 quin
1281 2073 1438 2150 homines

157 2195 320 2276 quomodo
351 2194 426 2258 illas
458 2197 619 2277 effugere,
651 2198 732 2259 haeo
762 2195 901 2279 adipisci
929 2202 1083 2279 possent,
1112 2194 1207 2258 anxie
1236 2198 1438 2277 quaererent.

157 2313 445 2377 Quemadmodum
466 2320 577 2377 autem
599 2321 728 2378 veteres
750 2314 842 2394 Indi,
863 2322 1038 2399 postquam
1061 2314 1137 2378 inde
1158 2315 1200 2378 ab
1216 2312 1359 2377 heroicis
1378 2311 1438 2375 suis

156 2432 372 2515 temporibus·
384 2433 453 2497 fere
474 2435 607 2496 eosdem
627 2457 708 2516 quos
725 2435 844 2498 Graeci
864 2435 1034 2519 religionis
1057 2435 1179 2519 gradus
1202 2421 1438 2519 percurrerunt,

158 2574 199 2615 ex
217 2575 304 2616 nova
325 2553 547 2637 pantheistioa
563 2555 712 2618 doctrina
732 2555 772 2618 de
788 2556 932 2618 Brahma
953 2555 987 2619 in
1008 2555 1190 2619 animarum
1212 2553 1439 2637 migrationem

158 2670 376 2752 inciderunt,⁴
400 2674 447 2737 sio
463 2674 563 2738 etiam
580 2675 709 2753 Graeci,
727 2682 903 2758 postquam
920 2677 1036 2739 Jovem
1052 2675 1157 2738 totius
1174 2673 1289 2738 mundi
1304 2673 1438 2737 animam

159 2813 231 2856 esse
253 2793 506 2873 intellexerunt,
527 2795 626 2858 facile
645 2816 683 2858 eo
699 2795 854 2879 progredi
869 2781 1067 2879 potuerunt,
1091 2803 1129 2860 ut
1145 2793 1244 2859 sicuti
1266 2815 1379 2858 omnes
1393 2813 1438 2855 res

227 3075 467 3151 magensem,
488 3071 564 3139 aaa.
586 3090 675 3139 anor.
693 3107 722 3153 p.
742 3093 801 3147 sao,
820 3091 880 3138 aar.

228 3169 298 3222 ²cf.
318 3175 509 3238 gnomologiam
534 3175 560 3222 in
580 3174 710 3239 Odysseae
729 3175 802 3223 libris
820 3174 955 3238 postremis
974 3175 1143 3236 conspicuam
1162 3174 1359 3238 (Bernhardy
1375 3174 1399 3225 ,1.
1417 3188 1433 3219 o.

156 3274 186 3321 p.
208 3262 264 3316 146,
287 3257 353 3322 rar).
709 3314 711 3319 ¹

229 3336 321 3393 ³Hes.
339 3338 379 3394 'E.
404 3362 429 3394 κ.
445 3339 489 3395 Ἡ.
514 3363 537 3395 o.
566 3351 626 3406 169,
652 3346 685 3394 cf.
709 3348 787 3396 Piae.
810 3347 851 3395 Ol.
871 3347 911 3403 II,
938 3346 985 3393 127
1010 3362 1048 3410 sq.
1075 3352 1192 3394 etvetus
1215 3345 1279 3394 iilud
1305 3339 1434 3393 Callistrati

161 3427 270 3476 acolium
288 3429 394 3492 (Athea.
414 3431 491 3489 XIV,
511 3435 559 3478 695
577 3431 631 3494 Β);
682 3488 686 3492 Ι

513 3510 620 3567 Φίλταθ’
635 3511 760 3588 Ἃρμόδι’,
780 3513 809 3567 οὔ
828 3513 852 3567 ri
870 3533 918 3567 που
936 3514 1073 3586 τέθνηκας·

512 3601 596 3671 νήσοις
612 3597 635 3663 δ’
654 3602 680 3654 ἐν
699 3601 823 3674 μακάρων
841 3602 870 3653 σέ
887 3619 961 3673 φασιν
979 3599 1053 3661 εἶναι,

512 3684 554 3737 ἵνα
572 3706 619 3759 περ
637 3686 759 3757 ποδώκης
774 3682 905 3758 Ἀχιλεύς,

513 3768 641 3843 Τυδεΐδην
658 3774 687 3825 τέ
705 3791 780 3844 φασιν
798 3771 890 3824 ἐσθλὸν
907 3768 1048 3843 Διομήδεα.

163 3851 194 3900 Iu
212 3850 309 3904 duabus
329 3856 460 3922 Odysseae
478 3855 588 3915 νεκυὶαις
605 3859 696 3906 harum
718 3859 861 3908 insularum
878 3859 949 3908 nulla
967 3858 994 3906 fit
1012 3859 1116 3920 mentio,
1141 3859 1186 3907 sed
1205 3873 1304 3919 omnes,
1328 3859 1371 3922 qui
1387 3860 1435 3905 ante

164 3939 268 4000 Trojam
280 3953 463 4005 pugnaverant,
483 3945 567 3994 adhuc
579 3945 708 4008 finguntur
725 3960 777 3993 nna
789 3960 848 3993 curn
867 3945 958 3994 ceteris
971 3945 1105 3993 animabus
1123 3944 1151 3991 in
1164 3942 1232 3992 Oreo
1251 3959 1317 3992 esse.
1341 3937 1435 4003 'Quodsi

163 4024 249 4072 locum
270 4027 345 4092 Odys.
371 4034 415 4089 11,
434 4033 576 4080 565-627
602 4031 714 4090 eximas,
739 4031 783 4092 qui
807 4031 920 4093 apertius
945 4029 1047 4078 serioris
1072 4028 1177 4092 originis
1196 4026 1329 4091 'quaedam
1352 4024 1436 4076 indicia

164 4111 294 4172 praebeat,
314 4115 410 4175 neseio,
429 4131 462 4164 an
480 4132 532 4165 non
550 4117 647 4168 νέκυιαι
664 4131 716 4164 non
735 4117 819 4165 solum
837 4116 943 4164 Hesiodi
964 4113 1099 4178 Operibus,
1120 4115 1165 4185 sed
1184 4114 1262 4163 etiam
1281 4114 1365 4162 Protei
1384 4108 1436 4159 vati·
1455 4107 1459 4114 '

165 4196 232 4244 cinio
258 4198 349 4263 (Odys.
369 4204 393 4261 4,
414 4205 462 4248 554
481 4202 533 4266 aq.)
558 4204 714 4266 antiquiores
738 4202 798 4251 sint.
834 4201 986 4264 Nequedum
1008 4201 1107 4250 Erebns
1131 4183 1164 4248 ad
1182 4201 1331 4260 Tartarum,
1357 4195 1436 4247 Croni·

165 4282 254 4330 darum
273 4298 410 4348 carcerem,
430 4288 608 4350 aequiparatur
627 4290 717 4356 (Odys.
734 4294 773 4349 11,
788 4292 830 4348 37,
846 4288 917 4351 564),
936 4288 1012 4338 sicuti
1032 4287 1059 4336 fit
1076 4288 1102 4334 in
1116 4287 1225 4336 Hesiodi
1239 4288 1330 4350 Pheop.
1349 4303 1372 4334 v.
1387 4285 1435 4330 669·

108 4421 112 4431 ,
210 4366 424 4432 “Duneker,
447 4375 537 4422 Gerra.
555 4377 582 4425 d.
601 4377 716 4426 Alterth.
736 4378 776 4436 H,
796 4380 827 4430 ⁷3
845 4393 883 4440 sq.
