2986 4800
726 193 765 254 16

101 393 279 458 Nihildum
301 393 387 456 enim
408 393 498 456 illius
519 393 727 472 „materialis
748 393 996 478 pantheismi“²
1020 392 1158 476 Orphici
1174 391 1262 475 apud
1278 392 1393 455 Plato·

102 535 179 577 nem
204 519 386 597 comparet,
412 512 477 575 nisi
500 512 587 575 forte
612 519 721 595 putas,
748 534 823 576 eum
847 519 1022 596 propterea
1044 519 1157 576 vatem
1181 511 1394 576 Libethrinm

103 633 304 716 pantheismi
325 653 515 710 accusasse,
539 632 626 714 quod
646 633 817 695 Oceanum
838 631 984 694 omnium
1003 653 1112 695 rerum
1131 637 1261 713 patrem
1283 630 1393 694 reddi-

104 752 200 829 derit,
226 751 371 835 id'quod
398 774 416 814 a
437 751 588 815 Platonis
614 773 703 814 more
725 757 824 833 utque
849 750 981 832 ingenio
1004 730 1071 814 non
1091 749 1139 812 ita
1159 749 1307 812 alienum
1329 756 1390 813 est.

103 872 265 934 Attamen
281 892 319 933 eo
336 871 433 932 modo
450 892 517 933 non
528 869 646 933 minori
660 870 730 932 iure
740 869 904 933 Homerus
921 870 1113 952 pantheista
1127 868 1238 932 vocari
1254 868 1390 951 poterit.

190 989 274 1053 Cum
303 988 408 1073 igitur
438 1010 475 1052 ea
506 1011 588 1071 quae
619 990 728 1052 adhuc
754 989 854 1052 attuli
883 1011 944 1052 neo
975 988 1155 1071 perspicuis
1181 995 1216 1050 et
1241 987 1391 1050 dissertis

103 1107 213 1171 verbis
238 1114 272 1171 et
296 1107 501 1190 argumentis
525 1131 586 1170 nos
615 1116 754 1190 cogant,
785 1115 824 1170 ut
849 1114 926 1171 ante
952 1107 1090 1171 Coelum
1115 1106 1197 1170 alios
1222 1105 1257 1169 in
1282 1113 1391 1170 vetere

106 1225 231 1309 Orphei
244 1227 436 1311 Theogonis
452 1228 531 1291 deos
546 1227 765 1311 praecessisse
781 1228 956 1310 fingamus,
973 1248 1035 1289 nec
1051 1225 1144 1309 quasi
1159 1247 1219 1308 per
1234 1225 1392 1308 ambages

103 1368 164 1409 nos
186 1345 233 1408 ita
254 1346 296 1409 ad
318 1368 373 1409 eos
395 1347 593 1425 conducant,
615 1354 653 1410 ut
669 1347 843 1430 cujusdam
863 1345 1032 1409 doctrinae
1054 1366 1128 1408 cum
1149 1345 1190 1407 iis
1205 1345 1391 1408 necessario

104 1486 271 1529 connexae
288 1465 429 1549 vestigia
448 1467 604 1550 prodant,
625 1466 690 1528 imo
714 1465 822 1528 omnia
843 1465 1064 1542 consentiant,
1083 1464 1246 1547 Orphioas
1265 1464 1391 1527 Genea-

103 1585 210 1667 logias
235 1584 328 1668 (lieet
355 1585 524 1648 nonnullis
551 1584 632 1648 locis
658 1583 905 1648 obscoenitates
925 1591 960 1647 et
981 1583 1128 1647 facinora
1151 1583 1293 1647 deorum
1316 1582 1393 1646 alibi

103 1727 169 1767 non
187 1705 285 1767 obvia
295 1703 529 1787 continuerint)
547 1704 678 1767 omnino
696 1704 743 1767 sic
755 1704 932 1786 dispositas
948 1704 1061 1781 fuisse,
1079 1709 1118 1767 ut
1132 1709 1207 1765 toto
1224 1703 1341 1766 ordine
1357 1723 1391 1765 ao

104 1844 282 1905 progressu
311 1823 463 1886 carminis
492 1824 637 1906 aliquam
665 1824 865 1907 peculiarem
894 1824 935 1887 de
958 1845 1068 1886 rerum
1097 1820 1268 1906 principiis
1295 1828 1392 1904 atque

104 1948 222 2004 natura
238 1941 421 2005 doctrinam
437 1964 504 2005 non
519 1942 735 2025 prodiderint,
757 1952 943 2025 propterea,
961 1942 1105 2024 inquam,
1123 1940 1205 2003 mihi
1223 1940 1292 2004 iam
1307 1961 1389 2004 nuuc

104 2083 298 2144 persuasum
314 2067 375 2140 est,
400 2069 544 2125 veterem
565 2062 686 2125 librum
708 2084 774 2125 non
796 2062 937 2125 eundem
952 2060 1055 2126 fuisse
1072 2083 1147 2124 cum
1163 2083 1213 2137 eo,
1232 2083 1299 2143 quo
1315 2062 1392 2124 Pro·

106 2181 176 2244 elus
193 2205 271 2245 usus
288 2181 342 2259 sit,
360 2182 419 2245 sed
435 2204 454 2244 a
469 2181 734 2264 Rhapsodiarum
751 2187 885 2245 auctore
901 2181 989 2244 varie
1006 2202 1077 2244 esse
1094 2186 1275 2244 mutatum.

707 2387 735 2470 a.
757 2389 788 2448 a.

191 2539 257 2601 Sed
279 2538 358 2621 quid
378 2538 533 2600 tandem?
559 2539 691 2621 Ergone
711 2537 751 2601 iis
772 2560 855 2620 quae
876 2545 974 2602 notae
997 2545 1086 2616 sunt,
1107 2537 1216 2600 tribus
1238 2538 1294 2600 vel
1316 2559 1392 2619 qua·

103 2664 180 2721 tuor
203 2657 356 2742 Orphicis
378 2657 568 2739 theogoniis
589 2680 674 2720 nova
699 2657 832 2740 insuper
857 2657 1008 2720 addenda
1029 2657 1111 2719 erit?
1136 2656 1305 2734 Profecto,
1330 2654 1392 2718 nisi

105 2799 187 2860 quae
209 2777 306 2840 modo
330 2776 571 2861 disputavimus
590 2777 795 2860 gravioribus
818 2777 1023 2860 argumentis
1045 2775 1228 2839 diluantur.
1268 2775 1390 2837 Verum

102 2919 143 2960 ne
159 2897 193 2960 in
208 2896 343 2959 minima
366 2896 498 2980 quidem
522 2918 619 2959 causa
641 2896 865 2979 simplicitatis
882 2903 1092 2980 oppugnator
1107 2895 1231 2973 videar,
1249 2892 1391 2976 agedum

102 3015 258 3079 damnum
280 3014 400 3080 sarcire
423 3017 577 3079 conabor.
610 3015 763 3078 Forsitan
785 3015 871 3079 enim
892 3014 1091 3099 Rhapsodiis
1113 3014 1147 3077 in
1168 3014 1250 3077 duas
1267 3019 1388 3098 partes,

102 3135 320 3218 antiquiorem
343 3142 377 3198 et
398 3135 626 3212 recentiorem,
649 3134 824 3219 discerptis
847 3134 1033 3218 contingat,
1060 3133 1251 3197 Aristotelis
1275 3140 1310 3196 et
1326 3133 1392 3197 Eu-

102 3254 189 3316 demi
210 3254 380 3338 Orpheum
401 3277 534 3337 prorsus
558 3275 633 3317 cum
655 3254 839 3332 Platonico,
863 3277 882 3317 a
904 3277 967 3337 quo
991 3254 1098 3316 adhuc
1121 3253 1272 3316 diversus
1291 3253 1390 3315 habe·

101 3373 210 3450 batur,
230 3380 425 3436 connectere
443 3380 477 3436 et
493 3372 587 3455 quasi
603 3371 892 3451 conferruminare,
915 3373 963 3436 ita·
978 3381 1017 3436 ut
1033 3374 1139 3436 altera
1154 3371 1271 3435 addita
1287 3372 1392 3435 altera

102 3493 274 3555 subtracta
307 3491 490 3574 theogonia
525 3492 711 3555 tralaticius
746 3514 901 3555 numerus
938 3516 1004 3555 non
1040 3493 1203 3555 laedatur.
1255 3490 1390 3555 Etenim

102 3619 357 3696 quantacunque
389 3610 563 3675 diversitas
594 3619 646 3675 est
675 3611 890 3696 rhapsodioae
921 3617 956 3674 et
982 3610 1124 3674 Eudemi
1154 3581 1238 3694 quae
1270 3609 1392 3673 dieitur

100 3731 323 3816 Theogoniae,
347 3739 460 3794 tamen
482 3732 563 3794 haec
584 3732 625 3794 ab
647 3730 703 3809 iis,
724 3753 811 3813 quae
833 3732 931 3794 Plato
954 3731 995 3794 de
1013 3731 1146 3813 Orpheo
1168 3729 1285 3808 tradit,
1302 3727 1394 3793 haud

100 3850 244 3913 multum
260 3850 392 3913 videtur
414 3850 550 3913 distare.
583 3849 729 3912 Primum
751 3850 838 3913 enim
860 3872 943 3932 quae
959 3851 1127 3913 Eudemus
1148 3849 1219 3932 ipse
1240 3847 1392 3912 narrat2²

100 3983 171 4056 τρεῖς
185 3983 288 4056 πρῶται
302 3975 357 4038 κατ’
378 3977 476 4060 Ὀρφέα
491 3977 690 4056 ἐξεβλάστησαν
710 3979 791 4059 ἀρχαὶ
805 3978 848 4046 νὺξ
866 3981 958 4058 καὶγῆ
979 3981 1024 4039 καὶ
1043 3979 1164 4056 οὐρανός,
1185 3969 1342 4052 probant,
1359 3967 1394 4029 in

100 4089 161 4151 hac
179 4110 308 4170 quoque
327 4090 472 4174 Orphica
486 4087 669 4171 theogonia
687 4087 819 4150 initium
835 4112 854 4151 a
869 4091 968 4153 Terra
984 4097 1019 4153 et
1035 4089 1137 4152 Coelo
1155 4096 1293 4171 captum
1309 4106 1392 4150 esse.

169 4259 222 4311 ¹21
240 4264 259 4313 ι.
300 4301 306 4313 .
328 4267 388 4310 cla.

169 4344 179 4376 ¹
196 4280 404 4412 AiudpLycum,
423 4349 464 4397 De
477 4365 554 4398 meaa.
570 4350 610 4398 ed.
626 4349 714 4397 Schow
733 4347 851 4411 (lapsine
866 4350 951 4409 1794),
965 4348 1006 4406 II,
1020 4350 1044 4408 7,
1053 4363 1083 4410 p.
1101 4351 1145 4407 ¹93
1165 4345 1199 4395 cf.
1213 4348 1277 4411 Api.
1289 4364 1318 4411 p.
1331 4348 1394 4394 494.

382 4516 394 4551 Ι
