2986 4800
661 199 832 294 Q

106 397 213 482 ipsum
224 398 367 462 carmina
381 398 499 462 iecisse
516 398 673 461 anemius
683 400 771 482 quod
787 399 888 462 sciam
904 398 1062 462 traditum
1079 398 1133 477 sit,
1152 405 1273 461 etcum
1292 421 1390 482 argu-

106 525 254 580 mentum
270 518 480 601 Theogoniae
503 518 543 582 ab
560 518 734 582 Hellanico
751 518 954 603 compositae
968 517 1114 603 pedestri
1131 517 1277 582 oratione
1297 540 1388 581 enar-

106 636 228 700 ravisse
249 643 424 722 propterea
444 638 637 701 sumendum
663 637 811 716 nonsit,
838 638 925 722 quod
950 639 1055 701 multo
1080 644 1158 701 ante
1179 629 1389 700 Hellanicum

107 755 200 834 vixit,
218 757 438 820 secludendus
453 757 586 820 videtur
601 759 642 821 ab
659 761 721 821 hac
737 756 990 842 disceptatione.
1025 757 1153 821 Deinde
1169 757 1390 840 Hieronymus

106 875 298 955 Cardianus,
309 876 495 960 ¹quiprimis
503 876 748 940 Diadochorum
756 876 1208 962 temporibusvixiteteorum
1217 876 1390 940 historiam

106 994 271 1077 scripsit,’
288 995 342 1058 vix
357 995 385 1058 is
397 1003 477 1075 erat,
495 996 551 1078 qui
559 997 613 1060 vel
624 997 666 1060 ad
676 996 884 1061 scribendum
894 996 1131 1080 theogonicum
1144 1017 1275 1059 carmen
1285 997 1339 1058 vel
1349 996 1390 1058 ad

105 1107 762 1180 eruendamPhoeniceorumsaderdotum
771 1116 1106 1180 doctrinamanimum
1120 1115 1303 1178 induceret.
1330 1117 1387 1178 So-

102 1233 155 1296 lus
170 1233 273 1317 igitur
287 1234 484 1318 relinquitur
499 1235 719 1320 Hieronymus
736 1236 936 1321 Aegyptius,
949 1237 1049 1325 cujus
1065 1237 1085 1298 J
1088 1237 1229 1319 osephus
1247 1234 1387 1297 mentio·

102 1375 177 1416 nem
186 1353 268 1417 facit
278 1354 394 1438 Antiq.
407 1355 435 1433 I,
448 1359 477 1433 3,
491 1359 526 1418 6:
545 1362 684 1443 Μέμνηται
693 1361 835 1425 civorium
851 1357 895 1440 (h.
909 1378 937 1419 e.
956 1355 1160 1440 cataclysmi)
1177 1362 1388 1442 καὶἹερώνυμος

103 1483 117 1541 ὁ
133 1480 286 1560 Αἰγύπτιος,
301 1482 316 1541 ὁ
330 1479 382 1561 τὴν
396 1483 582 1566 ἀρχαιολογίαν
596 1485 644 1562 τὴν
659 1485 807 1561 Φοινικικὴν
822 1485 1042 1563 συγγραψάμενος
1058 1482 1092 1539 et
1107 1477 1141 1553 I,
1163 1480 1198 1553 3,
1221 1477 1258 1538 9:
1285 1482 1387 1566 Μῶχός

102 1624 133 1660 τε
147 1601 192 1661 καὶ
201 1599 337 1670 Ἑστιαῖος
351 1602 395 1662 καὶ
409 1604 475 1681 πρὸς
489 1603 606 1670 αὐτοῖςὸ
622 1600 764 1680 Αἰγύπτιος
774 1602 942 1681 Ἱερώνυμος.
986 1595 1089 1679 Cujus
1108 1595 1141 1658 in
1158 1593 1387 1676 urchaeclogia

72 1786 75 1792 Ι
105 1712 294 1777 Phoenices
316 1713 416 1778 etiam
433 1714 677 1798 cosmogoniam
700 1721 884 1779 enarratam
899 1713 1017 1792 fuisse,
1042 1722 1076 1778 et
1092 1714 1287 1799 cataclysmi
1303 1736 1388 1776 com·

105 1833 299 1896 memoratio
322 1834 421 1897 docet
445 1840 479 1897 et
501 1835 572 1917 ejus
594 1855 668 1897 cum
689 1835 812 1898 Mocho
835 1834 1016 1898 eontentio.
1062 1836 1139 1898 Non
1161 1820 1388 1899 veridissimilc

104 1951 208 2035 igitur
233 1960 301 2032 est,
334 1952 597 2018 Hellanicum
622 1953 783 2036 quidem
812 1953 941 2038 ipsam
967 1954 1185 2039 scripsisse
1210 1955 1387 2036 Theogo-

103 2073 225 2152 niam,
252 2073 322 2136 sed
346 2073 497 2157 primae
518 2073 648 2157 partis
667 2073 876 2138 materiam
901 2096 945 2137 ex
967 2073 1202 2159 Hieronymi
1222 2073 1327 2137 libro
1352 2071 1386 2134 in

102 2192 237 2277 patria
253 2215 323 2256 sua
338 2194 506 2276 vulgato
523 2205 563 2256 et
578 2193 773 2257 lectitato
790 2193 1107 2277 deprompsisse,
1129 2194 1188 2257 ita
1206 2199 1251 2257 ut
1273 2215 1386 2276 argu-

104 2318 277 2375 mentum
312 2311 561 2397 Hieronymi,
598 2335 735 2376 versus
769 2313 974 2376 Hellanici
1011 2335 1097 2377 esse
1132 2313 1384 2377 videantur.⁸

105 2431 269 2495 Quoniam
293 2439 404 2495 autem
425 2431 557 2510 Graeci,
585 2453 667 2514 quae
691 2432 774 2495 ratio
800 2432 886 2495 inter
905 2434 966 2495 hos
988 2434 1070 2496 duos
1095 2434 1254 2497 obscurae
1280 2431 1383 2497 famae

102 2549 252 2614 homines
263 2558 360 2630 esset,
378 2575 454 2615 mox
465 2574 530 2615 non
546 2553 643 2636 plane
654 2552 908 2635 perspiciebant,
926 2552 1023 2615 facile
1039 2553 1109 2616 fieri
1125 2552 1247 2636 potuit,
1265 2559 1304 2616 ut
1314 2560 1382 2616 tan·

104 2671 179 2734 dem
194 2671 388 2734 Damascius
409 2674 523 2735 ambos
544 2693 585 2735 ne
606 2671 752 2735 diversos
774 2671 904 2753 quidem
926 2671 1028 2736 inisse
1051 2676 1137 2760 (εἴπερ
1157 2684 1196 2760 μὴ
1214 2681 1260 2741 καὶ
1279 2683 1294 2741 ὁ
1310 2681 1384 2746 αὐτός

103 2793 180 2874 ἐστιν)
198 2781 429 2874 suspicaretur.

174 2994 298 3049 ¹Scidca
315 3017 336 3049 σ.
355 3017 391 3058 ο.,
409 3003 489 3051 Paua.
508 3003 533 3060 1,
552 3005 576 3061 9,
599 3006 643 3062 103
665 3006 703 3062 13,
724 3005 754 3061 93
772 3002 881 3052 Ιιιισίαοι.
901 3001 1018 3052 Μαονοο.
1039 3020 1060 3051 c.
1081 3007 1113 3049 22
1132 3002 1236 3064 aliique.

172 3081 303 3151 lJorepii.
330 3104 352 3136 ο.
372 3089 468 3151 Apion·
488 3089 512 3146 I,
532 3092 576 3135 23:
603 3081 765 3156 Ἱερώνυμος,
785 3086 798 3138 ὁ
816 3085 865 3154 τὴν
882 3086 939 3157 περὶ
957 3095 1008 3138 τῶν
1027 3085 1154 3158 διαδόχων
1174 3083 1284 3157 ἱστορίαν
1302 3102 1379 3154 συγγε-

103 3171 215 3240 γραφὼς,
234 3168 302 3221 κατὰ
319 3169 363 3222 τὸν
382 3169 458 3222 αὐτὸν
477 3172 524 3240 μὲν
542 3172 574 3242 ἠν
588 3168 721 3241 Ἑκαταίῳ
740 3171 832 3244 χρόνον
851 3173 896 3236 (cf.
910 3175 935 3232 I,
954 3178 985 3221 22
1000 3191 1030 3238 p.
1048 3177 1094 3222 197
1114 3175 1154 3223 ed.
1169 3171 1297 3235 Richter),
1316 3167 1379 3241 φίλος

103 3251 123 3306 δ’
143 3255 179 3306 ὢν
194 3251 338 3325 Ἀντιγόνου
356 3263 400 3309 τοῦ
421 3257 553 3327 βασιλέως,
572 3257 620 3326 τὴν
639 3255 730 3329 Συρίαν
750 3258 926 3332 ἐπετρόπευεν.

171 3337 182 3370 ³
201 3340 322 3392 Similiter
339 3344 459 3408 Zeller,
479 3345 497 3396 l.
518 3363 540 3398 c.
560 3347 584 3407 I,
604 3348 644 3396 71.

667 3921 831 4010 corrigas:

322 4083 375 4133 Sub
394 4087 469 4136 finem
488 4090 594 4140 indicis:
613 4094 762 4160 Hieronymi
781 4117 827 4164 pro
846 4105 996 4157 Hieroninii.

321 4170 348 4217 P.
370 4177 428 4220 211.
448 4181 476 4222 2:
499 4175 597 4248 συνήθη
616 4196 662 4243 pro
681 4181 790 4255 συνηθῆ.

321 4255 350 4303 Ρ.
370 4262 384 4304 8
403 4274 426 4305 ν.
446 4265 473 4308 8:
493 4262 678 4325 imprudentiae
695 4285 742 4332 pro
760 4273 950 4339 imprudentia„

321 4340 349 4388 P.
371 4346 401 4389 1³
419 4359 442 4391 v.
464 4350 508 4395 13:
529 4352 667 4412 opponitur
683 4369 730 4417 pro
749 4361 876 4420 oponitur.

317 4426 358 4474 lb.
378 4442 403 4475 n.
423 4433 438 4475 3
456 4441 579 4492 punctum
597 4437 732 4489 delendum
750 4443 818 4493 inter
834 4448 859 4495 A
878 4458 904 4498 et
920 4450 1063 4505 checkio.

310 4511 343 4561 P.
363 4518 398 4564 49
418 4530 441 4566 ν.
466 4522 509 4567 12:
529 4518 684 4587 Theogonis
699 4541 747 4591 pro
762 4529 906 4597 Theognis.
1004 4566 1006 4570 >
