2986 4800
724 204 764 264 49

94 417 146 477 ποὺ
162 421 213 495 τῆς
227 415 318 492 κνίσης
331 422 385 475 τῶν
399 413 562 491 ὀπτωμένων
576 420 663 492 κρεῶν
679 417 854 492 μεταλαβὼν,
873 415 905 493 ἧς
919 415 952 492 δὴ
968 417 999 475 τό
1014 416 1093 494 γέρας
1108 421 1200 498 λαχεῖν
1215 417 1387 494 ὁμολογοῦσιν
1445 474 1448 479 ,

95 535 173 615 ὑμῶν
187 535 213 595 οἱ
223 534 285 595 θεολ
300 525 360 607 (ΙΙ.
378 525 439 603 lV,
456 525 521 607 49),
539 538 660 612 κεραυνῷ
676 532 737 599 τοὺς
746 533 858 600 Τιτᾶνας
873 533 1000 602 αἰκίζεται
1014 535 1101 595 καὶτὰ
1116 537 1185 613 μέλη
1201 538 1249 595 τοῦ
1260 532 1387 596 Διονύσου

99 653 248 716 Ἀπόλλωνα
261 677 301 733 τιρ
286 653 390 713 ’παιδὶ
404 652 651 731 παρακατατίθεται
666 653 831 731 καταθάψαι.
855 654 932 727 όδὲ,
951 677 982 713 ου
972 653 1048 733 ’γὰρ
1064 655 1198 734 ἧπεόθησε
1213 655 1267 728 Διὶ,
1289 653 1388 721 εἰςτὸν

95 773 241 854 Παρνασσὸ
242 799 256 833 ν
271 774 360 852 φέρων
373 770 546 832 κατατίθεται
564 772 757 849 διεσπασμένον
773 772 803 832 τό
805 773 932 851 ννεκρόν.
941 765 1029 827 ¹Et
1049 765 1172 828 idemz’
1194 771 1336 852 Etpoigt‘
1358 773 1389 833 ἂν

95 893 140 953 καὶ
153 890 282 972 Ὅμηρον
295 891 341 952 τόν
356 892 438 970 μέγαν
452 892 565 968 ποιητὴν
580 891 697 951 ἐκεῖνα
682 889 800 969 τᾶἔπη·
858 958 861 962 ,

375 1001 429 1055 οἶον
448 1003 477 1055 δὲ
494 1003 582 1074 τρέφει
600 1001 671 1074 ἔρνος
689 1002 754 1074 ἀνὴρ
774 1001 894 1075 ἐριθηλὲς
913 1004 1003 1075 ἐλαίης

94 1115 140 1176 καὶ
157 1116 194 1175 τὰ
209 1112 271 1192 ἑξῆς
290 1114 361 1173 κατὰ
376 1110 442 1180 λέξιν
461 1113 660 1194 μετενηνοχότα
674 1110 905 1192 παρ”θρφέως
926 1115 963 1174 ἐκ
983 1119 1041 1176 τοῦ
1062 1112 1228 1176 Διονύσου
1250 1116 1389 1192 ἀφανισ-

96 1239 171 1314 μοῦ.
195 1233 230 1294 ἔν
255 1257 293 1293 τε
319 1236 361 1312 τῇ
384 1232 550 1309 Θεογονίᾳ
578 1232 620 1291 ἐπὶ
644 1235 693 1291 τοῦ
716 1232 821 1310 Κρόνου
840 1231 941 1311 Ὀρφεῖ
957 1233 1100 1311 πεποίηται
1122 1239 1179 1294 κτλ.
1223 1225 1389 1289 Diodorus

97 1345 246 1409 autem&
266 1352 368 1413 Τοῦτον
381 1353 427 1411 τὸν
440 1351 506 1411 θεὸν
519 1352 651 1428 γεγονέναι
665 1351 744 1429 φασὶν
758 1351 789 1410 ἐκ
804 1352 864 1417 Διὸς
878 1352 923 1411 καὶ
939 1352 1110 1431 Περσεφόνης
1124 1354 1194 1412 κατὰ
1209 1355 1257 1430 τὴν
1269 1351 1389 1430 Κρήτην,

98 1473 128 1534 ὃν
144 1471 266 1552 Ὀρφεὺς
287 1473 374 1532 κατὰ
396 1473 456 1537 τὰς
476 1471 622 1536 τελετὰς
643 1471 787 1549 παρέδωκε
810 1473 994 1549 διασπώμενον
1016 1472 1067 1531 ὑπὸ
1089 1479 1142 1531 τῶν
1164 1472 1290 1531 Τιτάνων.
1327 1461 1388 1523 His

101 1583 205 1666 igitur
219 1583 310 1647 nisus
326 1579 545 1646 testimoniis⁴
563 1579 777 1644 Gisekius⁵
797 1581 984 1659 contendit,
1006 1581 1147 1666 Dionysi
1168 1581 1302 1646 caedem
1323 1604 1387 1644 non

99 1701 134 1766 in
150 1703 339 1786 Theognis,
362 1723 459 1784 quam
481 1699 636 1762 Clemens
656 1699 767 1763 verbis
788 1708 815 1769 ἔν
833 1733 864 1769 τε
883 1707 917 1789 τῇ
939 1709 1065 1788 Θεογονίᾳ
1085 1703 1182 1786 plane
1204 1701 1389 1784 distinguat

98 1821 221 1886 alibro
236 1829 361 1889 Διονόσου
378 1828 525 1907 ἀφανισμός
539 1819 713 1903 inscripto,
737 1820 795 1883 sed
811 1819 845 1883 in
861 1841 926 1882 una
942 1841 983 1883 ex
1000 1820 1067 1883 illis
1083 1831 1213 1906 Τελεταῖς
1232 1820 1389 1905 scriptam

99 1940 201 2004 luisse
226 1940 269 2003 ab
294 1940 528 2003 Onomacrito⁶
554 1939 614 2001 sub
641 1939 771 2002 nomine
796 1939 921 2021 Orphei
947 1939 1056 2003 editis.
1096 1942 1141 2003 Et
1165 1941 1316 2026 profecto
1340 1940 1389 2003 in·

99 2060 204 2144 signis
220 2060 286 2123 iste
302 2067 400 2144 poeta
416 2058 534 2122 melius
550 2080 667 2121 causae
684 2079 762 2120 suae
782 2057 963 2135 consuluit,
986 2058 1014 2120 si
1034 2061 1283 2141 mysteriorum,
1306 2075 1388 2142 quae

100 2179 268 2258 condidit,
291 2177 512 2261 Orphicorum
533 2185 568 2240 et
588 2176 910 2260 interpretandorum
933 2184 967 2240 ct
992 2177 1266 2241 stabiliendorum
1292 2200 1389 2241 causa

100 2321 234 2364 carmen
249 2297 432 2382 scripturus
448 2299 572 2381 hymno
589 2296 739 2360 modico⁷
755 2295 873 2379 Zagrei
890 2303 1015 2376 ortum,
1036 2298 1281 2401 educationem,
1303 2298 1389 2360 inte·

99 2420 219 2498 ritum,
249 2419 455 2501 sepulturam
478 2416 640 2495 narravit,
671 2437 769 2499 quam
791 2416 820 2478 si
842 2415 972 2499 ingenti
993 2418 1195 2501 theogoniae
1218 2418 1305 2480 mole
1335 2439 1389 2481 ex·

100 2545 231 2602 structa
247 2538 309 2601 sub
327 2537 452 2601 calcem
468 2536 606 2619 episodii
621 2536 726 2599 instar
742 2557 813 2598 eam
830 2535 952 2600 adiecit
968 2536 1155 2615 historiam,
1178 2539 1271 2622 cujus
1288 2537 1389 2599 solius

99 2657 210 2742 gratia
229 2658 271 2720 ad
294 2656 504 2720 scribendum
525 2656 671 2720 animum
692 2655 879 2718 induxerat.
912 2655 970 2717 Sin
992 2656 1064 2739 quis
1080 2656 1221 2740 Dionysi
1243 2657 1390 2720 fabulam

97 2801 164 2842 non
188 2778 225 2840 in
248 2775 393 2839 transitu
416 2776 573 2853 relatam,
598 2775 656 2838 sed
680 2774 723 2837 ita
748 2773 782 2837 in
806 2775 871 2837 fine
896 2774 1097 2858 theogoniae
1121 2775 1264 2858 positam
1290 2776 1390 2839 luisse

168 2999 239 3052 ¹Dc
266 3002 315 3050 hac
342 3001 473 3065 sepultura
499 3000 595 3048 Bacchi
623 3000 655 3049 ab
683 2999 806 3063 Apolline
834 2999 943 3074 Delphis
971 3000 1038 3049 facta
1066 3000 1099 3049 cf.
1119 3002 1217 3065 Aptp
1221 3005 1296 3050 558
1309 3017 1347 3064 sq.
1367 3007 1392 3050 et

90 3107 121 3154 p.
144 3093 198 3138 616
212 3104 250 3153 eq.

167 3171 296 3223 ’δόνακα
313 3191 342 3238 p
365 3177 423 3222 751.

167 3256 179 3287 ³
204 3259 236 3318 V,
258 3261 299 3307 75.

168 3342 342 3392 ⁴Addendus
368 3344 469 3392 videtur
496 3343 561 3392 alius
587 3343 697 3392 Diodori
725 3343 797 3391 locus
825 3344 885 3402 III,
912 3348 957 3392 ti:
987 3338 1118 3412 Σύμφιονα
1145 3341 1174 3394 δὲ
1200 3341 1297 3400 τούτοις
1324 3343 1392 3407 (scil.

94 3431 227 3482 Cererem
245 3436 348 3489 terram,
365 3428 497 3477 Bacchum
515 3429 610 3488 vinum,
631 3428 685 3490 ejus
704 3429 832 3477 occisores
852 3417 977 3492 agricolas
996 3429 1064 3492 esse)
1084 3425 1149 3480 εἶναι
1160 3428 1193 3481 τά
1205 3448 1233 3480 τε
1247 3428 1394 3499 δηλούμενα

92 3515 139 3568 διὰ
159 3523 216 3566 τῶν
232 3509 362 3585 Ὀρφικῶν
385 3513 537 3583 ποιημάτων
561 3512 605 3564 καὶ
627 3512 660 3564 τὰ
683 3512 950 3584 παρεισαγόμενα
972 3511 1057 3565 κατὰ
1079 3512 1135 3569 τὰς
1156 3513 1311 3572 τελετὰς,
1337 3513 1394 3585 περὶ

92 3604 133 3654 ὦν
159 3597 191 3651 οὐ
218 3595 293 3666 θέμις
317 3604 373 3655 τοῖς
397 3598 520 3668 ἀμυήτοις
545 3598 652 3670 ἱστορεῖν
675 3597 708 3650 τὰ
732 3597 800 3651 κατὰ
825 3599 910 3670 μέρος.
947 3599 996 3648 Hic
1020 3600 1099 3663 igitur
1122 3601 1216 3663 scripta
1241 3600 1355 3664 Orphica
1379 3615 1394 3648 a

91 3687 232 3752 mysteriis
257 3684 302 3751 (τὰ
324 3684 530 3755 παρεισαγόμενα
551 3683 619 3736 κατὰ
643 3683 689 3742 τὰς
711 3684 826 3750 τελετάς)
852 3686 1051 3749 distinguuntur,
1077 3685 1113 3734 ita
1137 3692 1165 3733 ut
1183 3684 1279 3747 ambigi
1301 3685 1393 3747 possit,

92 3782 188 3823 utrum
207 3771 286 3821 verba
302 3766 413 3842 Ὀρφεὺς
430 3769 499 3822 κατὰ
516 3769 563 3827 τὰς
580 3768 687 3827 τελετάς
704 3771 731 3820 in
749 3778 822 3820 textu
840 3771 959 3835 apposita
977 3772 1092 3821 similiter
1110 3772 1140 3819 de
1157 3770 1293 3832 mysteriis,
1313 3785 1346 3817 an
1364 3770 1396 3819 de

94 3860 169 3910 libro
198 3858 245 3907 illo
269 3853 381 3908 Τελεταί
407 3858 530 3920 inscripto
552 3857 720 3919 intelligenda
747 3858 805 3906 sint.
843 3856 973 3917 Quoniam
996 3863 1081 3904 autem
1106 3854 1236 3903 Diodorus
1262 3856 1323 3917 quid
1349 3854 1396 3904 Or-

94 3947 186 4010 pheus
209 3944 238 3991 in
260 3943 301 3992 his
323 3941 442 3999 τελεταῖς
465 3942 597 3991 tradiderit
618 3941 703 3989 dicere
727 3955 779 3990 non
802 3950 915 4003 veretur,
941 3957 984 3992 eas
1007 3942 1118 3990 diversas
1141 3939 1221 3989 fuisse
1246 3941 1339 4005 colligo
1363 3942 1394 3990 ab

96 4030 164 4090 illis,
185 4025 246 4098 περὶ
264 4028 300 4078 ὦν
314 4019 348 4077 ὀὐ
367 4023 441 4093 θέμις
458 4031 513 4083 τοῖς
531 4024 654 4095 ἀμυήτοις
677 4025 793 4096 ἱστορεῖν.

171 4110 294 4162 “Rhesis.
315 4115 395 4172 Mssa,
418 4113 493 4163 VIII
502 4131 532 4178 p.
554 4115 584 4160 76
597 4129 636 4177 sq.

171 4197 184 4229 ⁶
204 4198 247 4248 Cf.
266 4199 377 4259 Ritschl,
397 4201 416 4248 l.
437 4217 459 4249 c.
479 4201 504 4258 I,
524 4203 582 4248 240.

173 4282 184 4314 ⁷
202 4283 246 4334 Ita
264 4285 290 4332 in
309 4284 412 4348 hymnis
425 4283 570 4332 Homericis
588 4283 669 4332 muita
687 4290 822 4332 narrantur
835 4283 865 4330 de
878 4280 1016 4345 Apollinis,
1029 4281 1139 4346 Dionysi
1151 4282 1267 4332 Thebani
1281 4283 1318 4346 (h.
1332 4281 1394 4343 VII)

98 4373 269 4434 aliorumque
288 4371 395 4419 deorum
412 4370 472 4419 fatis
491 4376 516 4418 et
534 4368 610 4417 rebus
629 4369 718 4432 gestis.
1165 4415 1167 4419 Α

1181 4457 1200 4500 h
