2986 4800
684 188 724 249 35

59 389 174 454 mundi
196 389 349 453 conditor
364 390 505 474 primum
527 389 561 452 in
577 390 740 455 lectorum
762 399 975 473 conspectum
993 392 1195 475 producitur,
1218 400 1349 458 tantum

56 512 166 587 abest,
190 518 230 573 ut
246 518 395 572 veterum
418 509 614 594 scriptorum
631 509 830 573 testimoniis
853 533 998 574 summae
1014 512 1193 575 vetustatis
1218 514 1349 576 laudem

54 630 94 692 iis
121 629 293 693 vindicare
316 650 482 712 cogamur,
508 638 547 691 ut
569 629 761 708 Plutarcho,
784 630 929 707 Theona,
955 629 1105 709 Tatiano,
1132 634 1350 716 Athenagora

55 748 253 813 auctoribus
278 747 348 812 eius
373 748 426 811 dei
456 747 599 831 origines
623 748 657 811 in
686 769 817 812 carmen
842 749 1071 827 subditicium,
1103 751 1188 834 quod
1214 751 1349 816 ineunte

56 868 194 932 saeculo
216 891 250 952 p.
269 867 331 930 Oh.
349 890 381 930 n.
406 868 550 931 secundo
573 868 765 953 praesertim
789 868 874 932 inter
890 868 1081 932 Platonicos
1103 871 1219 933 harum
1240 893 1349 934 rerum

56 987 293 1072 cupidissimos
314 986 516 1065 inclaruerit,
540 988 737 1071 relegandae
760 995 793 1050 et
816 1011 835 1051 a
855 996 968 1052 vetere
989 988 1182 1072 Theogonia
1205 990 1350 1073 Orphica

55 1131 194 1192 prorsus
215 1107 441 1190 segregandae
463 1106 648 1170 videantur.
687 1112 846 1171 Attamen
871 1115 968 1171 caute
984 1108 1184 1172 sententiam
1205 1109 1349 1174 feramus

57 1235 205 1310 oportet,
230 1248 304 1290 cum
325 1227 486 1290 Phanetis
507 1234 619 1309 partes
640 1228 787 1290 nondum
809 1234 902 1290 actae
925 1227 1004 1291 sint.
1041 1226 1144 1291 Redit
1165 1229 1251 1292 enim
1273 1237 1351 1314 post

57 1346 157 1410 Coeli
178 1352 213 1409 et
229 1345 362 1409 Saturni
376 1367 491 1429 regna,
515 1354 553 1409 ut
569 1369 587 1408 a
603 1347 685 1408 Jove
708 1346 934 1409 desorbeatur.
973 1346 1077 1431 Cujus
1093 1357 1271 1424 καταπόσεως
1284 1348 1350 1412 iam

57 1466 95 1528 in
110 1473 224 1528 vetere
240 1465 364 1548 Orphei
380 1465 477 1543 libr0,
501 1487 599 1548 quem
615 1466 712 1529 Plato
727 1465 884 1544 tenuerit,
907 1465 1108 1529 mentionem
1124 1465 1249 1530 factam
1265 1489 1347 1546 esse,

61 1583 224 1667 praeclari
243 1584 474 1648 aLobcckio
496 1593 601 1649 testes
624 1584 835 1649 adhibentur.
872 1586 923 1649 De
945 1585 996 1648 his
1017 1585 1120 1668 igitur
1140 1608 1228 1649 nunc
1250 1608 1348 1669 quae-

57 1703 201 1766 rendum
217 1711 279 1767 est.
318 1707 368 1767 Αο
385 1704 526 1787 primum
548 1704 678 1787 quidem
697 1705 762 1768 iam
779 1727 877 1789 supra
898 1703 1058 1788 adscripsi
1072 1705 1222 1768 Platonis
1238 1706 1350 1769 locum

56 1822 169 1906 Legg.
188 1822 250 1901 IV,
269 1825 341 1901 715,
356 1824 406 1935 E,
423 1848 486 1906 quo
511 1825 605 1887 illum
623 1824 861 1888 Atheniensem
887 1824 1053 1908 hospitem
1079 1824 1206 1907 aliquos
1224 1825 1350 1910 Orphei

55 1964 174 2005 versus
195 1942 230 2006 in
245 1943 444 2027 Rhapsodiis
461 1944 602 2026 scriptos
623 1952 761 2026 tangere
779 1944 982 2007 Scholiastes
1004 1965 1064 2006 nec
1086 1967 1152 2007 non
1168 1946 1348 2009 Proculus¹

56 2061 260 2144 suspicatur.
296 2062 413 2145 Neque
430 2062 463 2126 in
479 2063 620 2127 Platone
637 2062 817 2126 'subsistere
832 2063 924 2140 licet,
948 2085 1021 2126 cum
1038 2063 1261 2126 Lobechius
1283 2087 1349 2128 non

55 2180 167 2246 minus
178 2182 363 2265 Archytam
380 2189 415 2245 et
425 2182 663 2246 Aristoxenum
672 2183 914 2266 Pythagoreos,
930 2183 1200 2261 Demosthenem,
1218 2183 1348 2247 Stoicos

56 2298 209 2383 aliosque
234 2299 324 2363 illius
350 2322 463 2365 versus
488 2300 679 2365 memoriam
703 2301 882 2365 recoluisse
908 2301 1115 2384 comprobet,
1143 2325 1206 2385 quo
1232 2304 1348 2366 Jovem

58 2419 208 2483 omnium
223 2441 333 2483 rerum
350 2428 449 2504 caput
466 2443 537 2485 esse
554 2443 714 2504 excoque
737 2421 846 2484 omnia
861 2422 1004 2504 pendere
1026 2421 1244 2505 praedicetur.
1284 2422 1350 2486 Sed

59 2560 176 2603 omnes
191 2561 258 2605 uon
274 2539 337 2602 nisi
353 2562 455 2603 unum
470 2563 603 2604 versum

294 2692 361 2752 Ζεὺς
380 2695 449 2768 ἀρχὴ
469 2693 536 2757 Ζεὺς
555 2696 645 2763 μέσσα,
664 2691 722 2752 Διὸς
741 2691 760 2745 δ’
781 2695 810 2746 ἐκ
827 2694 911 2745 πάντα
928 2695 1048 2745 τέτυκται

59 2850 95 2891 se
118 2828 251 2893 novisse
274 2830 429 2912 produnt.
469 2830 558 2894 Ouid
580 2841 692 2894 autem
708 2829 763 2892 isti
785 2829 947 2894 versiculo
972 2849 1045 2892 cum
1062 2830 1231 2893 Phanete?
1254 2832 1349 2895 Nihil

58 2969 154 3027 sanc,
181 2948 305 3012 sicum
328 2950 436 3013 solum
460 2940 565 3014 'veteri
587 2949 797 3032 'theogoniae
819 2949 981 3032 largiaris.
1022 2947 1086 3012 Sed
1108 2947 1249 3013 fortasse
1274 2972 1348 3014 cum

57 3066 133 3130 aliis
158 3067 267 3150 magis
286 3069 455 3152 'suspectis
481 3071 679 3154 conjunctus
705 3080 787 3133 erat.
833 3068 966 3132 Etenim
991 3069 1025 3132 in
1054 3067 1130 3131 falsi
1154 3068 1348 3133 Aristotelis

57 3187 143 3250 libro
168 3186 209 3251 de
227 3188 352 3252 Mundo
370 3191 451 3253 haee
467 3190 661 3272 legunturz²
684 3199 729 3258 Διὸ
744 3197 789 3256 καὶ
804 3197 830 3256 ἐν
849 3200 902 3262 τοῖς
914 3194 1049 3276 Ὀρφικοῖς
1063 3197 1094 3257 οὐ
1110 3204 1202 3263 κακῶς
1216 3199 1323 3275 λέγεται

248 3347 273 3394 1.
294 3340 361 3400 Ζεὺς
378 3352 478 3414 πρῶτος
495 3345 591 3414 γένετο,
610 3342 678 3403 Ζεὺς
696 3342 802 3401 ὕστατος
820 3344 1006 3416 ἀργικέραυνος.

294 3441 361 3503 Ζεὺς
378 3445 491 3516 κεφαλή,
512 3444 579 3504 Ζεὺς
597 3447 688 3515 μέσσα·
707 3443 765 3504 Διὸς
784 3444 803 3499 δ’
823 3447 853 3499 ἐκ
871 3448 954 3498 πάντα
971 3448 1099 3500 τέτυκται.

294 3543 361 3606 Ζεὺς
378 3547 483 3618 πυθμὴν
500 3548 576 3620 γαίης
593 3569 621 3602 τε
640 3549 684 3601 καὶ
702 3549 809 3621 οὐρανοῦ
829 3549 1000 3621 ἀστερόεντος.

294 3647 361 3709 Ζεὺς
380 3649 460 3724 ἄρσην
477 3653 573 3721 γένετο,
592 3649 659 3710 Ζεὺς
677 3650 805 3723 ἄμβροτος
823 3650 915 3703 ἔπλετο
933 3652 1030 3723 νύμφη.

247 3755 272 3803 5.
293 3750 360 3810 Ζεὺς
378 3754 451 3823 πνοιὴ
470 3755 580 3815 πάντων,
600 3752 667 3813 Ζεὺς
685 3754 820 3822 ἀααμαίτοο
839 3755 916 3826 πυρὸς
934 3754 1012 3826 ὁρμή.

294 3853 361 3913 Ζεὺς
379 3856 470 3908 πόντου
490 3854 555 3928 ῥίζα,
576 3854 643 3914 Ζεὺς
661 3856 732 3926 ἥλιος
750 3857 799 3926 ἠδὲ
817 3856 923 3927 σελήνη.

294 3955 361 4015 Ζεὺς
380 3957 506 4027 βασιλεύς,
526 3955 594 4015 Ζεὺς
612 3959 692 4031 ἀρχὸς
710 3959 827 4012 ἁπάντων
846 3959 1031 4030 ἀργικέραονος.

61 4128 276 4141 *—

127 4247 136 4278 ¹
158 4250 248 4299 ααιοι,
274 4250 319 4309 VI,
338 4254 363 4311 s,
382 4255 432 4299 asa
452 4252 526 4315 (2192.
544 4269 572 4315 p.
595 4255 664 4314 sao).

122 4350 133 4382 ²
155 4354 243 4403 Arist.
263 4354 295 4402 de
312 4355 411 4403 Mando
429 4372 451 4403 ο.
474 4357 486 4401 7
502 4371 531 4418 p.
552 4359 599 4402 401
615 4371 632 4403 o
650 4357 681 4401 27
694 4370 733 4417 sq.
