2986 4800
682 213 723 273 65

55 412 226 476 Homerici
246 413 358 490 sunt,¹
382 412 441 476 sed
461 412 637 495 ejusmodi,
660 413 716 495 qui
736 413 770 476 in
786 414 886 478 saeris
906 415 948 478 ad
964 416 1195 479 celebrandum
1214 415 1342 499 Apolli·

54 554 140 610 nem,
153 531 281 615 Orphei
291 532 399 608 deum,
417 538 451 594 et
467 532 508 595 ad
524 532 696 611 citharam,
709 533 834 616 Orphei
848 532 1116 613 instrumentum,
1134 542 1340 598 canerentur.

53 653 173 735 Neque
189 672 267 714 vero
283 672 424 734 paeones
441 657 534 714 erant
540 699 551 729 ,
574 651 629 735 qui
649 675 716 716 non
736 659 807 716 tam
828 653 870 717 ad
886 654 984 716 deum
998 653 1158 738 Pythium
1174 638 1342 718 celebran-

53 772 132 835 dum
150 793 250 854 quam
265 771 463 854 placandum
487 777 521 834 et
535 771 778 856 implorandum
795 772 976 837 citarentur
981 798 990 850 ;
1014 796 1120 857 neque
1135 772 1251 858 hymni
1267 772 1343 837 stri-

54 891 153 955 ctiori
175 913 275 955 sensu
296 890 393 969 dicti,
418 891 475 973 qui
489 890 631 955 sortasse
646 908 712 955 non
733 892 776 956 ad
792 893 983 976 Apollinem
999 901 1189 977 spectarent
1205 894 1342 977 (Bern-

52 1011 180 1095 hardy
195 1011 220 1073 l.
234 1032 262 1074 c.
280 1034 312 1094 p.
325 1014 398 1094 633)
415 1016 449 1074 et
465 1018 571 1074 metro
588 1010 719 1075 heroico
737 1012 913 1097 compositi
928 1019 1039 1078 essent
1055 1012 1109 1096 (ei.
1122 1013 1203 1076 Hes.
1215 1014 1341 1096 Theog.

53 1155 83 1196 v.
98 1134 228 1196 1-115
245 1136 280 1193 et
295 1135 539 1213 v.411-452);
556 1151 663 1213 neque
671 1131 837 1214 prosodia,
855 1155 937 1215 quae
951 1132 992 1196 ad
1001 1132 1119 1198 tibiam
1130 1139 1326 1197 canerentur
1332 1156 1341 1208 3

52 1273 162 1334 neque
184 1249 349 1328 encomia,
372 1272 454 1332 quae
476 1272 548 1314 sero
565 1251 697 1314 demum
719 1250 900 1314 existerent
921 1258 955 1315 et
973 1251 1115 1316 maxime
1136 1252 1178 1315 ad
1193 1251 1344 1316 homines

53 1369 241 1434 laudandos
257 1369 478 1452 pertinerent3
501 1371 559 1433 sed
574 1379 658 1457 νόμοι,
678 1369 733 1453 qui
753 1369 991 1453 antiquissimis
1006 1371 1211 1454 temporibus
1231 1370 1266 1434 in
1284 1372 1343 1433 ho-

54 1511 168 1553 norem
186 1487 354 1571 Apollinis
370 1489 529 1573 imprimis
551 1513 570 1553 a
584 1489 746 1569 Doribus,
770 1490 894 1574 Orphei
910 1497 1021 1554 aetate
1036 1490 1132 1554 Piero
1148 1488 1254 1552 monti
1270 1489 1343 1552 fini-

59 1609 149 1672 timis
155 1609 185 1687 ,²
217 1609 260 1672 ad
285 1609 447 1672 citharam
474 1609 529 1692 pia
552 1632 633 1673 vooe
657 1609 885 1673 funderentur.
931 1610 1087 1674 Melicam
1118 1612 1228 1673 au'tem
1258 1611 1344 1672 hanc

56 1728 182 1813 Orphei
203 1728 319 1811 poesin
340 1729 521 1811 appellavi,
547 1728 700 1811 quoniam
722 1729 772 1792 illi
787 1739 877 1816 νόμοι,
902 1730 969 1792 sive
992 1736 1097 1793 metro
1119 1729 1252 1793 heroico
1274 1728 1343 1792 sive

54 1848 226 1912 trochaico
248 1847 424 1930 compositi
452 1850 586 1926 erant,⁸
612 1855 701 1912 certe
723 1849 842 1929 melico
864 1849 971 1933 magis
992 1872 1089 1933 quam
1117 1848 1209 1934 epico
1231 1847 1345 1932 generi

55 1967 267 2032 adscribendi
282 1975 362 2031 sunt
377 1968 626 2051 (Bernhardy
642 1968 665 2030 l.
679 1990 706 2030 c.
724 1992 756 2052 p.
770 1971 848 2032 629:
867 1969 925 2032 der
934 1969 1061 2032 Nomos
1078 1968 1131 2032 ein
1146 1969 1344 2033 alterthiim·

42 2086 162 2152 'licher
185 2087 362 2150 Verluufer
386 2088 444 2150 des
469 2087 600 2168 Melos).
648 2087 776 2150 Quodsi
803 2087 954 2150 nonnulli
978 2087 1155 2171 scriptores
1181 2087 1344 2171 Orphicos

54 2210 199 2291 hymnos
216 2207 506 2284 commemorant,⁴
528 2205 681 2289 intelligo
699 2227 755 2268 eos
770 2205 872 2269 fuisse
887 2211 985 2294 ulpho<
999 2207 1147 2286 melicos,
1169 2230 1250 2290 quos
1267 2206 1344 2268 Ter-

54 2327 199 2410 pander,
222 2326 361 2410 insignis
383 2325 439 2389 ille
456 2348 628 2388 nomorum
644 2333 759 2409 poeta,
782 2325 932 2392 imitatus
948 2327 992 2390 sit
1008 2326 1209 2411 (Alexander
1224 2325 1344 2410 Polyh.

222 2485 487 2493 -----—--———-0

127 2583 137 2614 ¹
156 2586 361 2648 Bernhardy,
387 2586 406 2635 l.
427 2604 448 2635 c.
470 2587 508 2645 ΙΙ,
530 2590 553 2644 l,
573 2590 635 2633 221:
664 2587 758 2636 Diem
779 2587 978 2653 tynmclopiacte
996 2589 1125 2637 Noctium
1144 2590 1191 2637 liat
1208 2589 1279 2637 metr
1300 2588 1347 2636 dar

58 2673 211 2738 Hapacdilc
233 2673 274 2721 ela
295 2672 350 2720 dem
367 2672 434 2720 Kale
448 2672 570 2735 pediest.
586 2706 593 2719 .
609 2706 616 2718 .
634 2672 715 2720 Oresa
737 2673 790 2720 aad
811 2673 881 2720 kleia
898 2675 1001 2721 machera
1018 2674 1055 2721 aie
1075 2674 1123 2722 den
1140 2673 1278 2722 Eindruck
1295 2673 1345 2736 epi·

57 2761 131 2807 acher
150 2758 258 2806 Studien
281 2759 332 2806 uod
355 2758 550 2820 rhapsodiecher
566 2756 667 2813 Ariete,
691 2757 768 2805 deren
787 2757 952 2820 Standpsmlci
972 2757 1151 2807 meiateutlieilr
1164 2760 1264 2822 profan
1280 2775 1344 2807 war.

59 2845 125 2893 Part
142 2844 316 2906 darctyc'c'npiy
339 2844 446 2891 erkeant
467 2858 526 2890 maa
548 2842 602 2889 eice
625 2843 680 2889 dem
699 2842 816 2891 Studium
831 2844 950 2905 yaoeilte
968 2845 1106 2907 Μολίνης,
1130 2844 1172 2891 die
1189 2844 1260 2891 cinca
1277 2843 1346 2891 weli-

59 2927 144 2978 lintea
156 2929 245 2978 Zweck
262 2929 356 2993 arsilli
366 2929 418 2977 aed
436 2928 485 2976 den
495 2944 543 2976 unc
560 2927 700 2976 bohanniae
717 2927 854 2990 reliyidaen
867 2928 982 2994 Hymm
1000 2927 1067 2992 (scil.
1083 2925 1173 2975 Olenia
1186 2927 1347 2990 aliorumque

57 2999 276 3076 hymnologo'rum
293 3013 423 3076 Apollinis
437 3030 467 3078 p.
488 3011 550 3075 633)
567 3014 647 3076 weaiy
662 3013 767 3076 plcictt.

128 3095 140 3127 ¹
159 3099 259 3148 Herod.
279 3099 303 3157 I,
323 3103 365 3146 56.

129 3180 307 3242 ”Boeckh‚
326 3185 358 3232 de
374 3188 447 3233 metr.
464 3183 542 3233 Piod.
559 3199 588 3246 p.
603 3187 666 3231 201:
687 3181 782 3243 „Nomi
801 3182 912 3244 quidem,
932 3184 976 3246 qui
994 3192 1038 3233 aut
1056 3180 1195 3254 ἀὐλῳδικοὶ
1213 3191 1257 3232 aut
1273 3179 1346 3234 κιθα-

60 3266 177 3339 ρῳδικοὶ,
202 3269 344 3332 antiquitus
366 3268 490 3332 simplicis
513 3275 585 3316 erant
602 3268 684 3330 metri,
709 3268 874 3317 citharoedici
893 3283 925 3317 ex
942 3270 1098 3320 hexametris
1121 3271 1240 3331 heroicis,
1260 3285 1348 3332 quam·

59 3371 140 3418 quam
152 3364 178 3404 et
195 3358 317 3426 τροχαῖος
329 3353 404 3422 νόμος
421 3355 548 3413 laudatur,
567 3353 693 3402 auloedici
708 3368 741 3402 cx
753 3354 868 3402 distichis
881 3354 1031 3418 elegiacis“.
1055 3357 1176 3406 Fortasse
1189 3356 1266 3406 etiam
1280 3356 1348 3403 illins

59 3441 172 3504 insignis
196 3438 284 3509 ὀρθίου
310 3439 389 3508 νόμου
407 3440 551 3502 Terpandri
574 3448 683 3487 metrum
710 3441 878 3502 spondaicum
905 3449 959 3491 erat
986 3441 1021 3508 (o.
1041 3442 1140 3492 Herod.
1160 3444 1185 3500 I,
1203 3442 1244 3489 24.
1265 3445 1294 3487 21
1324 3445 1350 3488 et

60 3540 127 3589 quae
147 3525 242 3574 Stein
260 3526 387 3590 adnotat).
417 3526 508 3588 Itaque
526 3526 624 3585 nescio,
643 3541 676 3574 an
694 3526 819 3575 Proculus
838 3527 884 3590 (cf.
900 3527 1108 3590 Bernhardy,
1128 3529 1147 3577 l.
1162 3545 1184 3578 e.
1198 3528 1239 3584 II,
1251 3527 1271 3587 l,
1287 3530 1348 3588 62⁸)

59 3612 146 3660 verbis
167 3610 240 3661 δοκεῖ
258 3610 286 3662 δὲ
305 3607 465 3682 Τέρπανδρος
483 3609 531 3677 μὲν
548 3617 648 3680 πρῶτος
665 3608 799 3660 τελειῶσαι
816 3610 860 3661 τὸν
877 3610 963 3679 νόμον,
983 3599 1063 3684 ἡρῴῳ
1082 3611 1168 3681 μέτρῳ
1187 3609 1350 3680 χρησάμενος

60 3698 168 3745 omnino
193 3711 246 3745 non
269 3711 356 3745 verum
377 3697 485 3757 dixerit,
511 3697 543 3745 cl.
568 3696 748 3761 Westphal,
767 3699 951 3762 Proleycmeca
974 3717 1005 3750 za
1027 3699 1167 3764 Aeschylus
1191 3697 1350 3761 Propoedieo

60 3782 183 3847 (Leipaiy
203 3781 290 3845 1869),
306 3800 336 3846 p.
358 3786 388 3830 78
401 3799 439 3846 iq.
462 3808 491 3816 -
512 3779 633 3830 Ceterum
651 3783 858 3846 antiquissimum
876 3782 1033 3834 Graecorum
1052 3797 1158 3832 nomum
1174 3796 1221 3844 per
1243 3780 1350 3845 longum

59 3875 163 3931 tempus
181 3881 252 3915 mere
269 3867 349 3916 fuisse
367 3867 544 3915 hexametrum
563 3867 660 3915 iudicat
676 3868 822 3930 Ritschl,
843 3871 862 3918 l.
882 3887 905 3919 c.
924 3871 949 3928 I,
968 3874 1026 3917 263.

130 3950 142 3980 ⁴
160 3953 248 4011 Plato,
267 3953 345 4017 Leqy.
371 3953 432 4011 VII,
451 3956 500 4000 829
513 3953 541 4001 Ε
561 3951 617 4015 (ubi
641 3959 727 4001 tamen
750 3953 943 4003 Lobeckius
965 3955 1027 4017 Ayl.
1044 3971 1074 4018 p.
1094 3957 1144 4001 396
1166 3952 1303 4016 Thamyris
1326 3961 1351 4003 et

61 4038 161 4103 Orphei
180 4038 286 4085 nomina
303 4038 428 4086 duntaxat
445 4037 557 4100 exempli
575 4051 654 4085 causa
672 4036 756 4085 afferri
779 4052 918 4100 eorumque
936 4038 994 4087 loco
1014 4038 1090 4088 etiam
1109 4035 1229 4088 Sirenum
1247 4046 1350 4088 cantum

61 4123 182 4188 usurpari
199 4122 315 4186 potuisse
333 4123 401 4171 haud
419 4123 510 4172 inscite
528 4121 628 4186 putam
646 4122 789 4171 Menander
805 4126 846 4173 De
864 4125 970 4175 Eccum.
984 4125 1024 4183 II,
1041 4129 1088 4185 303
1111 4125 1142 4184 V,
1153 4121 1201 4187 4¹3
1220 4126 1352 4175 Aristides

63 4213 110 4262 Or.
126 4211 183 4270 III,
197 4215 239 4258 28.
254 4209 452 4268 -Pausanias,
469 4210 530 4273 (IX,
543 4212 584 4256 2⁷.
599 4213 613 4255 2
628 4215 653 4256 et
664 4213 705 4255 30.
723 4208 765 4271 12)
780 4207 877 4271 Orphei
891 4205 940 4278 ἔπη
953 4209 992 4258 vel
1006 4205 1097 4277 ὕμνους
1109 4211 1135 4259 in
1146 4210 1270 4260 Amorem
1282 4224 1351 4258 com·

61 4303 200 4357 memorat,
219 4309 284 4357 quos
304 4293 465 4357 Lycomedae
484 4294 529 4357 (oi.
543 4285 605 4358 hyl.
616 4311 645 4357 p.
660 4292 722 4356 982)
742 4292 784 4343 ἐπὶ
801 4298 855 4351 τοῖς
873 4293 1011 4365 δρωμένοις
1027 4296 1162 4346 canebant.
1199 4297 1268 4359 Ergo
1286 4296 1350 4344 haec

62 4396 167 4446 quoque
186 4381 301 4431 carmina
319 4379 457 4444 Orphicam
475 4380 566 4442 poesin
584 4379 686 4442 proprie
703 4393 773 4430 mere
792 4381 872 4431 fuisse
889 4381 995 4445 lyricam
1012 4382 1130 4431 videntur
1148 4381 1323 4445 comprobare.

1120 4468 1136 4516 5
