2986 4800
742 198 780 258 15

673 283 845 292 —

103 407 325 488 depromptae
342 399 420 462 sint.
458 398 550 462 Haeo
565 397 669 482 igitur
684 399 794 483 aliqua
809 409 1020 487 θαυμασιώτερα
1036 407 1168 483 oportet
1184 401 1396 480 continuerit,

103 546 208 608 quam
225 542 308 605 quae
331 520 372 582 ab
389 517 540 582 omnibus
562 517 595 580 in
612 518 756 582 Homero
778 519 832 582 vel
848 519 995 582 Hesiodo
1015 520 1216 602 legerentur,
1241 522 1298 584 sed
1315 543 1398 604 quae

101 645 166 707 illa
190 640 326 717 luerint,
352 659 478 715 vereor,
501 645 540 701 ut
565 637 746 700 etiamnum
770 639 961 722 conjectura
986 641 1227 722 assequendum
1251 639 1305 702 sit.
1346 641 1398 705 De

104 764 255 838 Chron0,
273 759 314 822 de
325 760 398 821 Ovo
409 757 587 834 mundano,
608 778 648 820 ex
659 779 722 838 quo
734 759 863 820 Phanes
874 757 1031 836 nascitur,
1050 758 1170 822 deeius
1186 759 1398 842 desorptione

102 859 165 966 per
176 878 447 943 Jovemfaetane
462 875 686 939 Lobeckius
703 876 836 958 quidem
853 876 992 959 cogitat.
1014 878 1149 941 Saturni
1163 885 1294 961 praeter
1305 878 1398 941 Coeli

102 999 352 1065 exsectionem¹
377 1002 412 1058 et
427 995 567 1079 Dionysi
582 995 702 1077 Zagrei
718 996 852 1059 caedem
867 996 1018 1060 denotari
1033 1020 1100 1060 non
1115 997 1316 1080 refragator,
1340 998 1399 1060 sed

102 1094 159 1185 res
176 1119 305 1182 ineerta
320 1122 382 1179 est.
421 1115 576 1178 Fortasse
592 1121 689 1177 vetus
708 1121 817 1197 poeta,
840 1122 958 1198 utpote
981 1115 1037 1198 qni
1052 1117 1189 1181 Homeri
1211 1124 1245 1180 et
1261 1116 1399 1180 Hesiodi

103 1239 259 1302 imitator
274 1235 480 1319 imitatorum
495 1233 613 1297 vitium
629 1255 695 1297 non
711 1233 893 1317 effugisset,
911 1234 1044 1298 illorum
1055 1237 1214 1317 quasdam
1230 1237 1398 1300 modestas

104 1365 142 1421 et
160 1357 317 1420 decentes
333 1352 598 1417 narratiunculas
614 1351 720 1415 veluti
736 1353 776 1415 de
792 1352 932 1415 Junonis
949 1361 983 1416 et
999 1355 1091 1417 Jovis
1108 1355 1335 1432 commercio,²
1359 1355 1399 1418 de

106 1475 251 1539 Metidis
275 1472 436 1557 cataposi,
467 1473 507 1535 de
532 1472 668 1536 deorum
693 1472 945 1557 Olympicorum
970 1480 1004 1536 et
1029 1474 1299 1537 Centimanorum
1324 1495 1400 1537 cum

109 1593 288 1656 Titanibus
303 1592 433 1676 pugnis,
452 1593 492 1655 de
507 1591 633 1655 Briarei
654 1591 775 1654 anxilio
792 1591 868 1654 Jovi
883 1593 952 1654 lato
976 1593 1029 1675 (ll.
1049 1597 1078 1670 1,
1097 1596 1158 1657 397
1175 1596 1237 1676 sq.)
1260 1593 1398 1675 aliisque

107 1714 213 1777 rebus
238 1712 291 1775 vel
314 1711 458 1795 turpiter
481 1712 536 1774 vel
560 1711 714 1775 ferociter
736 1734 755 1774 a
775 1710 838 1774 diis
863 1711 961 1775 factis
985 1712 1141 1795 pinguius
1166 1712 1341 1797 descripsit
1366 1719 1400 1775 et

103 1831 299 1910 exornavit,
324 1831 372 1894 ita
393 1839 431 1893 ut
453 1854 472 1893 a
494 1829 632 1894 solemni
658 1830 844 1894 fabularum
866 1832 1027 1895 relatione
1052 1854 1120 1896 non
1140 1833 1288 1916 paullum
1308 1853 1399 1896 rece·

102 1953 215 2015 deret.
253 1951 328 2014 Qua
349 1973 475 2014 recum
497 1972 538 2013 ne
560 1949 637 2013 hinc
661 1949 793 2033 quidem
816 1949 950 2034 aliquod
971 1950 1128 2015 indicium
1150 1959 1309 2035 emergat,
1334 1974 1399 2034 quo

104 2073 264 2155 Orpheus
276 2069 467 2153 opinionum
478 2069 733 2152 sophisticarum
745 2069 892 2132 damnari
907 2071 1024 2152 possit,
1037 2071 1133 2134 valde
1144 2071 1272 2149 dubito,
1284 2071 1398 2134 Plato·

104 2213 184 2254 nem
205 2191 358 2273 (Sophp.
377 2189 524 2272 2421]st
546 2188 655 2252 verbis
676 2198 707 2257 τὸ
729 2199 761 2256 δὲ
775 2195 834 2273 παρ’
858 2200 921 2275 ἡμῖν
937 2195 1095 2257 Ἐλεατικὸν
1115 2199 1191 2264 ’ἔθνος
1211 2200 1264 2258 ἀπὸ
1280 2199 1398 2277 Ξενοφά-

102 2343 165 2384 νους
180 2342 212 2377 τε
228 2317 273 2376 καὶ
289 2316 326 2376 ἔτι
340 2318 458 2394 πρόσθεν
473 2315 619 2394 ἀρξάμενον
633 2320 671 2382 ὡς
686 2316 741 2382 ἑνὸς
756 2315 829 2382 ὄντος
843 2324 896 2376 τῶν
910 2317 1015 2377 πάντων
1029 2319 1200 2395 καλουμένων
1215 2317 1286 2377 οὕτω
1303 2315 1399 2396 διεξέρ-

101 2461 184 2518 χεται
207 2440 262 2502 τοῖς
284 2436 379 2514 μύθοις
401 2449 477 2490 eum
498 2426 584 2489 inter
600 2426 824 2490 Eleaticorum
846 2449 1074 2510 praecursores
1095 2428 1215 2491 referre
1237 2427 1393 2491 voluisse.

179 2733 269 2802 ¹Apl.
287 2755 315 2802 p.
337 2741 396 2785 516.

175 2817 187 2850 ’
204 2823 242 2872 Il.
264 2827 304 2870 14.
319 2826 368 2869 292
381 2838 419 2886 sq.
452 2820 525 2881 Quae
544 2822 567 2870 si
586 2819 705 2884 Orpheus
723 2835 812 2869 revera
830 2835 861 2869 ea
878 2821 998 2870 carminis
1018 2822 1058 2869 sui
1076 2828 1157 2884 parte,
1177 2837 1254 2884 quarn
1272 2837 1288 2871 a
1306 2820 1396 2870 Gram-

104 2909 209 2956 maticis
233 2907 262 2959 τὸ
286 2905 344 2977 περὶ
362 2901 420 2962 Διὸς
437 2905 481 2956 καὶ
494 2899 580 2976 Ἥρας
604 2907 760 2970 appellatum
779 2921 835 2955 esse
852 2906 1035 2956 Lobeekius
1059 2907 1163 2969 conjicit
1182 2908 1256 2972 (Agl.
1272 2926 1302 2972 p.
1324 2908 1396 2967 607),

105 3002 160 3042 tam
186 2994 316 3041 obscoene
341 2992 489 3052 exornavit,
517 3000 546 3039 ut
564 2991 595 3039 ab
621 3006 652 3040 eo
675 2992 838 3054 potissimum
865 2991 1028 3040 foedissimae
1056 2992 1186 3040 Parrhasii
1211 3000 1237 3040 et
1260 2991 1397 3056 Chrysippi

105 3080 198 3128 Musae
218 3077 335 3127 stimulos
354 3078 500 3140 acciperent
519 3076 564 3140 (cf.
583 3079 661 3141 Dioy.
676 3078 708 3127 L.
729 3080 768 3127 ed.
785 3079 859 3127 Oobet
878 3076 1002 3141 [Parisiis
1017 3077 1102 3143 1862],
1127 3078 1189 3136 VII,
1204 3080 1226 3126 7.
1245 3083 1272 3125 la
1286 3097 1316 3143 p.
1332 3083 1395 3127 201:

106 3165 185 3214 Olem.
206 3165 305 3213 Hamil.
326 3165 365 3213 ed.
386 3163 494 3213 Drerael
513 3161 665 3226 [Gottingae
687 3162 772 3227 1856],
798 3163 828 3221 V,
849 3167 878 3210 18
894 3180 924 3228 p.
948 3167 992 3212 147
1017 3163 1118 3225 aliaque
1137 3163 1284 3212 testimonia
1301 3179 1317 3211 a
1335 3163 1398 3214 Lo·

105 3249 229 3298 beckio
248 3255 372 3311 congesta
389 3249 451 3312 Ayl.
468 3266 498 3312 p.
520 3247 592 3311 606),
611 3263 673 3297 sane
691 3247 842 3312 Euthyphro
860 3249 915 3297 inre
934 3249 1020 3299 dicere
1038 3249 1122 3311 potuit
1139 3247 1184 3299 καὶ
1203 3245 1271 3300 ἄλλοι
1290 3265 1327 3300 σοι
1346 3248 1397 3318 ἐγὼ

104 3331 212 3384 πολλὰ.
228 3371 234 3383 .
250 3332 327 3403 ,περὶ
345 3341 397 3384 τῶν
415 3330 484 3384 θεῶν
503 3332 671 3402 διηγήσομαι,
698 3332 715 3383 ἃ
734 3332 761 3383 σὺ
782 3332 884 3385 ἀκούων
902 3330 930 3384 εὖ
949 3330 995 3384 οἷδ’
1015 3333 1055 3384 ὅτι
1073 3333 1239 3402 ἐκπλαγήσει.
1277 3333 1398 3383 Ceterum

105 3418 213 3467 Meridie
231 3419 320 3467 uxoris
338 3419 421 3479 Jovis,
447 3419 580 3481 cataposin
605 3419 632 3466 in
650 3419 808 3481 Rhapsodiis
827 3421 1032 3482 praetermissam
1051 3421 1077 3468 in
1096 3427 1180 3470 vetere
1198 3420 1264 3468 libro
1283 3419 1399 3483 infuisse,

102 3507 173 3555 infra
197 3506 417 3554 demonstraturus
441 3521 507 3555 sum.
529 3532 558 3541 -
579 3503 700 3555 Giseke
720 3507 739 3556 l.
760 3524 781 3555 c.
798 3523 828 3570 p.
850 3511 880 3555 79
900 3516 925 3555 et
943 3512 973 3555 81
1000 3505 1114 3554 lunonis
1133 3513 1158 3554 et
1175 3505 1249 3554 Jovis
1275 3520 1398 3554 commer-

100 3592 174 3640 cium
192 3592 221 3639 iu
238 3606 316 3638 unam
338 3591 439 3639 illarum
458 3586 577 3641 Τελετῶν
600 3591 714 3654 relegare
738 3587 843 3639 mavult.
882 3590 958 3650 Quod
981 3599 1067 3640 tamen
1086 3606 1119 3638 ex
1136 3590 1201 3639 locis
1221 3606 1286 3653 quos
1305 3591 1398 3653 allegat

101 3679 168 3727 Dio.
185 3677 273 3742 Chrys.
294 3681 336 3724 36.
355 3680 405 3724 453
424 3673 530 3742 ὑμνοῦσι
546 3673 637 3731 παῖδες
655 3683 739 3745 σοφῶν
758 3675 785 3726 ἐν
803 3674 921 3746 ἀρρήτοις
939 3675 1057 3732 τελεταῖς
1069 3669 1155 3746 Ἥρας
1172 3673 1216 3725 καὶ
1235 3669 1293 3730 Διὸς
1311 3671 1396 3725 εὐδαί-

103 3779 171 3828 μονα
189 3759 273 3829 γάμον
290 3761 435 3810 etProeul.
455 3762 483 3809 in
504 3763 566 3810 lim.
585 3762 609 3820 Ι,
630 3766 660 3810 16
679 3760 727 3829 τὴν
752 3759 833 3829 αὐτὴν
857 3760 952 3833 ἑτέροις
973 3760 991 3831 ἢ
1016 3761 1060 3814 τὸν
1078 3759 1155 3812 αὐτὸν
1178 3757 1276 3811 πλείοσι
1294 3759 1396 3829 συζεύγ-

98 3843 208 3905 νυσθαι,
235 3845 323 3914 λάβοις
347 3843 377 3897 ἂν
400 3845 431 3897 ἐκ
453 3853 505 3898 τῶν
528 3852 655 3913 μυστικῶν
679 3844 763 3915 λόγων
785 3845 830 3898 καὶ
852 3854 904 3898 τῶν
930 3846 956 3898 ἐν
980 3847 1130 3917 ἀπορρήτοις
1153 3843 1298 3914 λεγομένων
1324 3845 1399 3918 ἱερῶν

100 3931 196 4001 γάμων
221 3932 284 3979 mihi
306 3946 359 3980 non
381 3933 482 3981 videtur
504 3932 611 3995 liquere.
648 3934 706 3982 Non
729 3935 798 3983 enim
816 3936 848 3984 de
872 3935 984 3999 scriptis,
1011 3936 1055 3983 sed
1074 3935 1105 3982 de
1128 3935 1256 3996 mysteriis
1275 3934 1396 3999 Orphicis

100 4017 144 4066 his
163 4017 230 4066 locis
249 4032 333 4066 sermo
352 4026 399 4066 est.

173 4099 185 4129 ⁸
205 4101 282 4162 Quod
299 4104 417 4152 nonnulli
434 4103 482 4151 viri
500 4104 568 4152 docti
587 4102 736 4167 Sophistam
754 4106 855 4155 Platoni
878 4104 1099 4165 abiudicaverunt,
1125 4105 1188 4154 nihil
1207 4105 1260 4157 hnc
1276 4108 1394 4170 pertinet.

96 4186 172 4237 Cum
198 4188 267 4236 enim
291 4189 457 4238 nihilominus
478 4187 740 4239 Sohaarsehmidt
759 4191 788 4254 (l.
808 4207 830 4240 c.
850 4207 875 4254 p.
898 4188 957 4254 181)
982 4190 1050 4238 hunc
1074 4190 1204 4255 dialogum
1223 4198 1281 4240 ante
1298 4191 1398 4240 Aristo·

91 4273 181 4323 telem
205 4273 330 4336 scriptum
354 4288 409 4323 esse
439 4275 575 4336 concedat,
608 4289 660 4324 non
683 4276 788 4323 dubium
813 4282 864 4335 est,
896 4276 958 4337 quin
982 4285 1072 4325 auctor
1094 4277 1149 4325 eins
1174 4277 1283 4325 eundem
1306 4277 1398 4340 legerit

92 4357 246 4422 Orpheum,
267 4373 345 4420 quem
362 4358 436 4409 Plato
455 4366 481 4409 et
498 4359 662 4409 Aristoteles.
