2986 4800
788 186 830 248 34

168 399 262 480 χρόνος
277 397 353 465 οὗτος
366 401 381 459 ὁ
398 400 504 477 δράκων
523 403 600 476 γεννᾷ
614 400 662 476 τὴν
676 402 785 476 τριπλῆν
801 398 878 474 γονὴν
892 395 990 474 αἰθέρα
1010 395 1075 475 φησὶ
1090 397 1180 472 νοερὸν
1199 396 1244 455 καὶ
1257 396 1327 477 χάος
1348 393 1450 472 ἄπειρον

169 518 213 576 καὶ
229 517 322 595 ἔρεβος
335 519 494 600 ὀμιχλῶδες.
531 509 590 572 Sin
605 508 766 571 Hercules
782 530 848 570 non
865 515 917 570 est
932 507 1073 584 Phanes,
1091 505 1193 570 etiam
1207 506 1351 569 aiterum
1368 505 1450 588 quod

169 627 390 691 Lobeokius
401 630 522 706 affert,¹
535 628 646 706 „inter
653 635 829 709 utrumque
838 625 1123 709 Cosmographum
1132 598 1233 689 etiam
1240 624 1448 702 hocdifferm,

168 724 256 830 quod
272 746 494 831 Hieronymus
519 747 580 810 deo
606 769 665 809 suo
691 748 736 829 (h.
763 767 792 808 e.
811 746 955 827 Chrono)
981 745 1119 808 formam
1143 743 1307 828 serpentis
1333 750 1369 807 et
1392 743 1450 806 tria

168 864 289 929 diversi
304 866 434 949 generis
452 865 561 949 capita
576 865 726 948 affingat,
744 864 801 928 ille
811 871 923 928 autem
939 863 1041 946 capiti
1057 863 1246 946 serpentino
1256 864 1328 927 sive
1344 862 1448 946 potius

169 984 385 1068 serpentifero
417 985 473 1047 ilia
503 984 641 1047 taurinis
672 983 836 1066 capitibus
868 983 977 1045 cincta
1008 983 1233 1065 subjungat,“
1262 1004 1398 1066 prorsus
1420 981 1448 1044 in

170 1127 298 1167 cassum
314 1104 443 1182 recidit,
467 1125 541 1166 cum
557 1104 598 1166 de
620 1103 757 1166 divorsis
774 1103 861 1186 apud
882 1109 1059 1184 utrumque
1075 1101 1138 1165 diis
1160 1123 1267 1165 sermo
1290 1101 1348 1164 sit.
1385 1101 1448 1163 Ita·

169 1244 231 1307 que
255 1223 338 1286 nihil
364 1223 443 1287 mihi
468 1222 599 1286 videtur
623 1223 769 1299 obstare,
802 1221 976 1304 quominus
1000 1220 1158 1298 Phaneti,
1191 1220 1252 1284 deo
1278 1231 1399 1306 ὠαγενεῖ,
1419 1220 1447 1282 in

168 1341 363 1426 Hieronymi
378 1343 569 1426 Theogonis
589 1342 710 1405 iustam
727 1348 762 1405 et
777 1341 962 1424 legitimam
977 1341 1090 1404 sedem
1112 1340 1340 1404 concedamus.
1350 1342 1446 1404 Athe·

167 1483 391 1545 nagoramque
408 1483 482 1524 cum
499 1469 610 1524 cetera
624 1468 696 1524 tum
713 1483 762 1539 ea,
786 1482 868 1544 quae
886 1461 926 1524 de
942 1463 1005 1524 hoc
1022 1461 1082 1523 deo
1099 1459 1230 1543 prodat,
1254 1481 1296 1522 ex
1312 1481 1352 1524 ca
1373 1459 1447 1522 sola

167 1581 333 1663 accepisse
355 1581 568 1645 affirmemus.
609 1581 708 1644 Quod
729 1580 757 1643 si
778 1581 826 1644 ita
848 1589 914 1658 est,
941 1579 1039 1644 facile
1056 1579 1126 1644 fieri
1147 1578 1274 1663 potuit,
1301 1587 1342 1643 ut
1358 1579 1446 1642 etiam

167 1700 345 1764 Tatianus²
368 1701 556 1783 apologeta,
584 1700 640 1782 qui
660 1700 758 1783 paulo
784 1708 861 1763 ante
883 1702 1135 1783 Athenagoram
1157 1698 1342 1763 orationem
1365 1719 1447 1761 suam

168 1820 323 1898 adversus
349 1819 494 1883 Graecos
519 1819 638 1896 edidit,
669 1841 710 1881 ex
735 1819 849 1883 eadem
874 1821 1026 1884 scatebra
1051 1818 1273 1882 narrationem
1297 1817 1341 1882 de
1365 1815 1447 1880 Jovis

167 1937 297 2001 incestu
313 1938 470 2002 hauriret.
509 1938 718 2021 Quamquam
733 1939 834 2003 verba
852 1945 963 2028 Ὀρφεὺς
976 1946 1061 2025 θύρας
1076 1944 1101 2006 δ’
1119 1947 1249 2006 ἐπιθεσθε
1265 1947 1378 2024 βέβηλοι
1391 1959 1447 2000 non

167 2058 210 2120 ad
230 2058 468 2155 Theogoniam,
492 2060 550 2122 sed
572 2059 613 2122 ad
629 2057 834 2122 Palinodiam
857 2057 1036 2142 Orphicam
1056 2056 1247 2122 referendae
1270 2056 1447 2121 videntur.⁸

165 2158 233 2241 Sed
243 2177 385 2241 fortasse
395 2177 629 2262 Hieronymus,
647 2199 722 2241 cum
731 2177 946 2262 theogonium
962 2178 1023 2242 sub
1035 2176 1160 2261 Orphei
1169 2176 1304 2240 nomine
1315 2176 1447 2240 scribere

165 2296 312 2359 animum
328 2296 509 2374 induceret,
533 2296 664 2360 initium
682 2297 820 2362 canendi
836 2297 998 2380 optimum
1015 2297 1079 2360 sibi
1093 2296 1163 2360 fore
1178 2296 1325 2380 putavit,
1346 2297 1377 2361 si
1391 2297 1447 2359 isto

166 2415 377 2479 celeberrimo
394 2416 480 2479 vatis
502 2416 631 2498 antiqui
645 2419 761 2480 versu⁴
783 2440 863 2480 usus
879 2417 1022 2480 lectores
1045 2417 1085 2479 ad
1103 2439 1234 2480 carmen
1253 2417 1446 2483 audiendum

165 2534 333 2598 invitaret.
381 2534 440 2597 Cui
473 2535 604 2618 quidem
631 2537 776 2619 opinioni
805 2537 840 2600 id
865 2536 972 2615 favet,
1004 2537 1092 2620 quod
1123 2536 1224 2600 etiam
1239 2540 1446 2614 Plutarchus,

165 2654 310 2717 Theonis
335 2653 505 2718 familiaris
532 2661 566 2718 et
590 2655 660 2739 ipse
683 2656 892 2734 Platonicus,
918 2656 952 2719 in
974 2655 1134 2719 Convivis
1160 2679 1218 2719 suo
1244 2683 1312 2723 uno
1337 2657 1447 2742 spiritu

146 2764 248 2837 ¹illud
270 2773 361 2838 Sacri
386 2774 545 2838 sermonis
569 2774 704 2858 Orphici
731 2776 900 2839 exordium
927 2782 961 2838 et
977 2776 1103 2858 Orphei
1127 2777 1167 2840 de
1189 2779 1263 2842 Ovo
1289 2777 1447 2842 mundano
1489 2858 1491 2865 Ι

164 2893 349 2958 d00irinam
366 2901 603 2959 commemorat
617 2895 742 2958 verbis:
773 2903 865 2964 Ἀείσω
882 2908 1009 2964 συνετοῖσι
1028 2904 1073 2963 τὸν
1083 2902 1211 2984 Ὀρφικὸν
1225 2908 1271 2967 καὶ
1286 2908 1358 2986 ἱερὸν
1372 2905 1447 2981 λόγον,
1489 2920 1491 2929 ·

163 3023 192 3090 ὃς
215 3022 265 3083 οὐκ
287 3018 390 3100 ὄρνιθος
413 3022 492 3101 μόνον
511 3023 542 3082 τὸ
567 3024 621 3083 ὠὸν
642 3023 783 3103 ἀποφαίνει
806 3022 995 3101 πρεσβύτερον,
1019 3024 1153 3084 ἀλλὰκαὶ
1176 3026 1284 3087 ἅπασαν
1306 3025 1383 3104 αὐτῷ
1403 3028 1447 3083 τῶν

164 3142 286 3201 ἁπάντων
299 3143 502 3219 πρεσβυγένειαν
517 3143 662 3219 ἀνατίθησι.

251 3250 353 3314 Quod.
373 3251 476 3335 igitur
500 3253 542 3316 ad
567 3275 622 3317 eas
646 3252 910 3336 Rhapsodiarum
935 3261 1046 3338 partes
1072 3255 1209 3334 attinet,
1240 3254 1300 3320 ubi
1324 3258 1446 3320 Phanes

234 3490 450 3558 ¹QMAQ

232 3575 243 3607 ²
261 3575 342 3648 Λόγος
360 3595 403 3649 πρ.
415 3573 494 3630 Ἕλλ.
515 3598 536 3631 ο.
558 3585 571 3630 6
587 3599 617 3646 ρ.
642 3587 688 3631 251
710 3579 777 3640 Ζεὺς
796 3580 902 3654 θυγατρὶ
920 3581 1061 3653 συγγίνεται
1078 3581 1123 3634 οιαὶ
1140 3581 1158 3651 ἡ
1177 3579 1296 3654 θυγάτηρ
1315 3579 1357 3639 ἀπ’
1377 3581 1445 3633 αὐτοῦ

163 3665 232 3716 κύει·
253 3664 409 3735 μαρτυρήσει
427 3682 470 3731 μοι
486 3660 602 3723 Ἐλευσὶς
618 3667 663 3719 καὶ
686 3668 820 3740 ipsismet
846 3668 964 3736 μυστικὸς
987 3668 1032 3719 καὶ
1047 3663 1157 3740 Ὀρφεὺς
1181 3666 1261 3739 θύρας
1287 3665 1307 3720 δ’
1333 3663 1444 3721 ἐπίθεσθε

165 3749 271 3820 βέβηλοι
288 3749 380 3818 λέγων,
400 3751 434 3800 cf.
453 3753 580 3816 Athenay.
601 3755 620 3804 l.
641 3773 663 3804 c.
684 3769 706 3804 c.
727 3760 759 3803 20
779 3764 804 3805 et
822 3743 864 3804 32ss

232 3833 302 3885 θυι.
320 3838 384 3902 Αρι.
400 3855 429 3902 ρ.
450 3843 509 3898 ιον,
529 3843 630 3904 ισοιρ.

232 3918 243 3948 ⁴
260 3921 360 3972 Veteris
369 3918 453 3993 Ἱεροῦ
467 3921 543 3993 λόγου
556 3925 689 3973 exordium
702 3925 770 3974 hunc
782 3939 884 3975 versum
897 3926 977 3975 fuisse
990 3927 1043 3975 iam
1055 3941 1070 3974 a
1083 3925 1190 3976 Platone
1203 3928 1305 3994 (Symp.
1316 3945 1346 3992 ρ.
1360 3921 1442 3986 arsa)

164 4012 265 4065 notum,
290 4008 381 4070 probat
401 4008 608 4070 Lobcokius,
632 4012 695 4076 Αρλ.
711 4028 741 4076 ρ.
762 4016 862 4076 450sq.
882 4039 916 4048 -
935 4011 1091 4062 Gisekius
1114 4021 1139 4062 et
1158 4011 1346 4062 Gerhsrdus
1369 4014 1443 4076 ipsum

161 4085 243 4160 Ἱερὸν
261 4088 335 4160 λόγον
352 4093 532 4158 Theogoniam
555 4096 635 4146 fuisso
657 4102 755 4160 putant.
794 4095 869 4156 Quod
888 4099 910 4146 si
928 4099 965 4146 ita
983 4106 1058 4159 essct,
1082 4097 1158 4147 facile
1180 4100 1344 4162 prooemium
1360 4095 1443 4145 veteris

117 4224 120 4229 ,
164 4176 332 4239 Theogoniae
350 4178 381 4226 ab
400 4181 548 4229 recentioris
567 4182 735 4246 Theogoniae
754 4187 857 4232 auctore
875 4184 956 4246 repeti
977 4185 1112 4247 potuisset.
1151 4183 1201 4234 Sed
1220 4199 1319 4245 vereor,
1338 4190 1367 4232 ut
1383 4188 1441 4232 recte

164 4265 199 4314 ita
218 4263 329 4320 dixerint
347 4263 402 4328 (ch,
421 4279 486 4326 quae
504 4265 572 4316 infra
592 4268 614 4330 ξ.
635 4273 649 4316 8
668 4268 812 4319 haedere
831 4269 981 4334 apponam).

232 4345 243 4376 ⁶
262 4349 346 4416 Symp.
367 4350 387 4400 l.
407 4351 447 4408 II,
466 4354 490 4397 3.
510 4355 534 4398 2.
