2986 4800
727 204 768 265 92

664 291 835 302 ..ι-...Ἀ

109 407 178 490 prie
194 429 259 469 non
276 406 418 468 multum
433 405 520 468 inter
536 428 570 469 se
587 407 815 490 discrepuisse.
841 406 935 470 Hanc
949 406 1052 488 igitur
1066 404 1166 467 etiam
1180 403 1394 467 Hellanicum

109 533 260 589 secutum
282 547 369 603 esse,
392 532 465 587 tum
487 547 528 588 ex
548 525 647 587 simili
669 528 741 610 ejus
762 525 995 610 principiorum
1017 524 1231 608 dispositione
1255 529 1329 585 tum
1353 544 1395 585 ex

108 646 342 708 nonnullorum
358 644 525 707 nominum
541 644 646 708 forma
660 645 847 708 Phoenicea
862 644 1085 728 colligendum
1101 650 1162 707 est.
1189 642 1394 706 Sanohunia-

107 768 189 828 thou
208 765 294 828 enirn
310 765 350 827 ab
367 763 461 826 initio
478 764 572 846 ponit
589 764 747 847 Spiritum
764 772 797 828 et
814 765 934 828 Chaos.
970 763 1111 848 Spiritus
1127 763 1279 826 incensus
1296 762 1394 824 Desi-

108 885 197 949 derio
219 907 260 947 ex
279 885 369 946 Chao
391 883 500 966 gignit
521 890 604 966 Μώτ,
626 906 708 967 quac
730 907 804 947 mox
826 885 859 949 in
880 884 945 947 Ovi
966 885 1105 966 figuram
1127 882 1296 946 coalescit.
1328 883 1393 944 Pro

108 1003 232 1088 Spiritu
255 1010 289 1065 et
306 1003 397 1064 Chao
414 1003 554 1065 Mochus
576 1004 633 1065 dat
650 1005 797 1068 Aethera
820 1011 853 1067 et
872 1008 971 1082 Atra,
996 1003 1163 1067 Eudemus
1183 1001 1393 1065 Desiderium

108 1123 194 1208 apud
212 1122 535 1186 Sanchuniathonem
553 1144 627 1185 cum
645 1123 769 1207 Spiritu
786 1125 999 1208 conjunctum
1019 1131 1053 1186 et
1069 1123 1252 1200 Nebulam,
1276 1121 1392 1184 Hella·

108 1244 201 1305 nicus
212 1249 323 1305 autem
333 1242 485 1304 similiter
493 1249 596 1329 Αἰθέρα
611 1253 701 1330 νοερὸν
717 1245 862 1331 (caespiti)
873 1253 918 1311 rai
932 1252 1009 1318 Χάος
1023 1250 1138 1330 ἄπειρον.
1164 1242 1270 1307 Sicuti
1281 1248 1393 1306 autem

107 1363 248 1425 Mochus
261 1361 358 1424 etiam
370 1361 466 1425 aliam
478 1361 672 1424 relationem
682 1363 874 1440 tradiderat,
890 1385 930 1425 ex
941 1385 1004 1445 qua
1013 1370 1091 1447 post
1101 1364 1248 1427 Aethera
1260 1369 1295 1425 et
1307 1365 1394 1426 Aiira

107 1481 313 1546 inserebatur
333 1481 462 1544 Ventus
486 1491 520 1544 ct
543 1491 597 1570 Λόψ
619 1514 650 1550 τε
672 1492 717 1551 καὶ
738 1484 857 1561 Νότος,ι
882 1489 916 1545 et
939 1482 1025 1546 sicut
1048 1482 1216 1546 Eudemus
1240 1481 1394 1546 similiter

107 1608 184 1685 post
202 1601 308 1684 prima
328 1624 386 1664 sua
406 1601 566 1685 principia
585 1602 839 1665 intercalaverat
856 1603 979 1664 Auram
1001 1608 1035 1664 et
1053 1603 1155 1679 Aera,
1178 1602 1226 1664 ita
1243 1601 1393 1664 Hellani-

108 1743 165 1785 cus
183 1744 312 1805 quoque
329 1742 394 1784 non
411 1721 542 1805 quidem
558 1729 652 1806 post
667 1724 815 1785 Aethera
831 1728 865 1784 et
881 1721 1006 1799 Chaos,
1028 1721 1086 1784 sed
1106 1729 1201 1785 ante
1222 1743 1261 1786 ea
1282 1721 1392 1804 posuit

109 1842 242 1924 Aquam
265 1848 299 1904 et
314 1841 446 1904 Limum
469 1863 505 1903 ea
525 1841 640 1924 opinor
660 1842 786 1906 ratione
808 1841 987 1919 adductus,
1012 1841 1087 1925 quia
1108 1843 1289 1905 secundum
1307 1842 1391 1906 Stoi·

109 1983 221 2023 corum
238 1967 413 2044 praecepta
429 1967 483 2024 aer
500 1968 534 2024 et
549 1963 664 2025 aether
680 1984 721 2024 ex
737 1985 821 2045 aqua
837 1969 870 2024 ct
886 1961 965 2024 limo
982 1963 1035 2024 vel
1048 1969 1137 2026 terra
1151 1962 1216 2025 orti
1229 1963 1389 2047 putaban-

107 2088 173 2143 tur.
205 2081 320 2162 Ignem
339 2081 423 2144 enim
442 2088 475 2144 et
491 2089 580 2159 aera,
604 2105 685 2167 quos
702 2083 803 2145 etiam
819 2105 935 2164 aquam
956 2083 1190 2147 antecedentes
1214 2083 1387 2160 finxerunt,

107 2208 280 2284 propterca
296 2201 533 2264 ommittendcs
550 2202 651 2264 fuisse
667 2201 823 2279 arbitror,
846 2203 934 2284 quod
950 2202 983 2264 in
1000 2202 1143 2266 carmine
1159 2202 1386 2286 cosmogonico

106 2344 172 2382 non
188 2320 274 2383 sicut
290 2320 323 2383 in
339 2320 576 2403 philosophicis
593 2295 928 2385 commentationibus
944 2323 1056 2405 ignem
1072 2325 1248 2387 aetherave
1265 2330 1300 2386 ct
1316 2330 1385 2386 aira

105 2438 156 2502 bis
172 2448 345 2502 nascentes
362 2441 539 2522 producere
556 2440 698 2504 licuerit.
730 2441 846 2524 Neque
863 2441 1032 2524 displicet,
1053 2444 1094 2506 ad
1111 2444 1260 2526 ejusdem
1279 2450 1383 2506 sectae

106 2559 272 2622 doctrinas
288 2581 455 2638 revocare,
480 2561 566 2644 quod
584 2560 777 2640 Hellanicus
793 2562 972 2624 Herculem
988 2563 1040 2626 vel
1058 2562 1227 2626 Chrcnum
1243 2586 1285 2627 ex
1307 2585 1384 2646 aqua

106 2686 140 2740 et
156 2676 233 2740 limo
251 2687 458 2778 procreatum
475 2680 569 2743 dixit.
603 2682 808 2765 Chrysippus
825 2681 928 2760 enim,
952 2683 1045 2766 cujus
1061 2682 1118 2746 ille
1135 2684 1279 2768 vestigia
1294 2684 1379 2766 legit,

105 2799 283 2860 Saturnum
298 2799 427 2882 proprie
443 2801 659 2863 secretionem
675 2824 745 2864 esse
762 2824 800 2864 cx
816 2802 951 2864 humida
965 2802 1078 2865 mundi
1093 2804 1231 2867 materia
1246 2803 1378 2867 docuit.⁹

105 2917 189 2979 Cum
211 2917 312 2999 igitur
334 2919 422 2981 haud
444 2943 515 2982 raro
538 2928 639 3006 Κρόνος
664 2928 697 2983 et
719 2929 821 3008 Χρόνος
845 2921 1142 3000 confunderentur,
1166 2923 1265 2987 facile
1291 2924 1377 2987 ctiam

105 3036 298 3100 Hellanicus
322 3039 441 3103 adduci
465 3040 591 3123 potuit,
618 3047 655 3102 ut
679 3050 781 3127 Χρόνον
806 3064 845 3105 ex
870 3065 928 3104 suo
954 3065 1050 3125 quem
1076 3043 1163 3125 apud
1186 3045 1376 3107 Phoeniceos

104 3156 282 3239 theologos
299 3157 408 3220 tenuit
424 3159 496 3222 loco
515 3159 694 3222 excitatum
712 3160 838 3244 prolem
854 3162 1007 3224 redderet
1026 3185 1128 3245 aquae
1150 3170 1185 3227 et
1203 3163 1285 3226 limi.
1317 3161 1375 3226 Ali·

104 3275 182 3358 quid
200 3276 286 3338 enim
306 3277 440 3340 molesti
459 3280 577 3356 habet,
601 3280 689 3362 quod
708 3279 743 3343 in
758 3280 923 3344 Hellanici
940 3282 1132 3365 Theogonis
1149 3282 1300 3347 Chronus
1321 3304 1375 3346 nou

95 3583 97 3588 ,
172 3516 181 3546 ¹
201 3521 299 3570 Herod.
321 3524 360 3580 II,
380 3528 421 3583 25,
443 3513 481 3570 l'l:
503 3512 538 3573 “0
558 3541 585 3573 τε
604 3521 675 3578 νότος
692 3523 736 3574 καὶ
755 3523 767 3575 ὁ
787 3522 848 3595 λίψ,
874 3525 976 3594 ἀνέμων
993 3525 1087 3578 πολλὸν
1108 3535 1160 3578 τῶν
1178 3527 1280 3579 πάντων
1299 3525 1373 3578 berit·

102 3622 182 3655 τατοι.
219 3607 317 3655 Aether
335 3608 412 3670 igitur
430 3617 455 3656 et
472 3609 526 3656 Air
545 3609 719 3659 subtilioribus
744 3612 895 3673 quibusdam
913 3613 1041 3676 theologis
1059 3614 1135 3662 nimis
1159 3614 1253 3662 inertia
1268 3613 1375 3662 videban-

102 3697 142 3739 tur
160 3692 288 3755 principia
306 3709 363 3742 esse
399 3694 465 3742 Hinc
484 3703 555 3743 motu
579 3696 692 3745 adhibito
713 3697 825 3747 Aethera
843 3699 947 3746 omnino
972 3700 999 3747 in
1019 3699 1130 3748 Ventum
1156 3702 1290 3762 (Damaso.
1311 3701 1328 3750 l.
1346 3716 1375 3747 a:

102 3772 194 3844 ἄνεμος
212 3775 224 3826 ὁ
244 3775 295 3836 εἷς,
322 3794 397 3840 quem
417 3794 531 3828 seorsum
557 3781 588 3827 ab
607 3781 697 3830 Africo
723 3791 748 3831 et
767 3783 860 3832 Austro
880 3800 958 3832 unum
976 3785 1056 3833 fuisse
1073 3785 1230 3849 principium
1248 3787 1323 3835 verba
1339 3786 1374 3832 de-

101 3871 244 3911 monstrant
261 3862 289 3913 τὸ
309 3863 355 3930 μὲν
375 3862 451 3935 ἄκρον
470 3864 536 3915 ἐστὶν
562 3861 654 3934 ἄνεμος
672 3865 684 3917 ὁ
705 3865 754 3926 εἷς,
778 3867 807 3918 τὸ
827 3867 854 3919 δὲ
874 3869 949 3937 μέσον
974 3869 1042 3935 [scil.
1062 3871 1162 3934 triadis]
1189 3871 1212 3922 ol
1231 3871 1275 3923 δύο
1300 3868 1376 3936 ἄνεμοι

102 3940 155 4014 Λόψ
179 3965 207 3996 τε
232 3947 275 3998 aul
294 3945 385 4011 Νότος.
421 3951 480 3998 Non
504 3951 582 4013 igitur
598 3944 724 4019 Ἄνεμος,
750 3948 815 4022 Λὶψ,
836 3950 919 4011 Νότος
941 3970 988 4019 pro
1012 3971 1063 4005 unc
1082 3956 1194 4006 Aethere
1219 3955 1374 4007 substituendi

102 4042 169 4091 sunt,
189 4032 264 4080 sicuti
283 4035 345 4083 fecit
361 4035 480 4095 tinelli,
501 4038 519 4086 l.
534 4055 556 4087 ο.
569 4055 596 4101 p.
612 4037 665 4101 35),
686 4038 755 4086 Aera
773 4047 858 4088 autem
877 4042 989 4103 spissum
1008 4050 1033 4091 et
1050 4043 1182 4091 humidum
1201 4044 1227 4092 iu
1247 4045 1310 4093 duos
1326 4042 1375 4090 illos

101 4124 191 4165 ventus
209 4118 351 4168 imbriferos
370 4129 537 4170 mutaverunt.
610 4162 612 4166 ,

170 4199 180 4230 ²
200 4205 284 4253 Soloi.
304 4207 347 4254 ad.
368 4207 430 4255 Her.
451 4210 486 4256 re.
507 4214 555 4256 459
577 4209 628 4272 (ed.
652 4212 737 4276 Gaias.
753 4228 783 4275 p.
803 4212 880 4275 428):
901 4207 1046 4284 Καθὺγρων
1066 4210 1146 4264 ὄντων
1164 4222 1216 4266 τῶν
1234 4213 1301 4266 ὅλων
1316 4207 1373 4282 Kpo'·

101 4304 142 4337 νον
166 4285 323 4356 όννομάοθαι.
361 4289 402 4339 Cf.
428 4294 562 4360 Hippolyt.
588 4298 675 4362 Besut.
697 4315 726 4361 p.
756 4302 815 4358 190,
844 4304 905 4359 184,
934 4299 978 4347 ubi
1003 4307 1132 4359 narratur,
1158 4301 1262 4350 l'eratas
1287 4294 1374 4368 Κρόνον

100 4388 193 4439 aquam
211 4375 375 4425 intellexisse.
399 4405 426 4412 -
447 4378 487 4427 De
507 4379 611 4430 Chrouo
629 4388 654 4430 et
672 4380 759 4431 Crono
778 4382 810 4432 cf.
831 4382 972 4433 Gerhard
993 4386 1072 4450 Orpt.
1093 4387 1128 4435 N.
1148 4391 1190 4434 89.
