2986 4800
741 195 759 254 9

103 395 190 458 Nam
208 394 274 456 hoc
289 392 429 456 fortuito
445 393 572 457 factum
588 415 660 457 esse
676 394 731 458 vix
748 394 952 459 crediderim.
990 394 1155 458 Nimirum
1171 395 1206 459 id
1220 396 1290 460 fere
1306 398 1393 460 hunc

101 514 137 576 in
152 512 290 575 modum
306 511 465 576 accidisse
481 512 634 577 arbitror.
666 515 753 577 Puto
769 514 857 578 enim
873 513 994 578 veteris
1005 514 1216 599 Theogoniae
1228 515 1393 598 Orphicae

101 656 122 697 a
137 633 282 696 Platone
302 630 456 695 laudatae
472 639 642 696 auctorem
662 633 795 697 nomina
810 633 975 712 Titanum,
1000 655 1082 717 quae
1098 634 1263 697 Hesiodus
1279 634 1392 712 refert,

102 753 233 815 intacta
257 749 430 834 reliquisse
454 758 586 834 praeter
608 753 778 816 Oceanum
803 759 837 815 et
858 753 1001 836 Tethyn,
1028 775 1110 836 qnos
1132 753 1240 816 nescio
1268 753 1393 836 quade

103 893 204 935 causa
221 892 333 934 eorum
350 877 503 952 parentes
525 871 662 934 reddere
678 871 832 935 voluerit.
870 872 919 934 Ut
934 879 1046 935 autem
1062 879 1158 935 vetus
1174 895 1328 936 numerus
1344 872 1393 935 in·

101 997 200 1074 teger
223 996 383 1066 maneret,
411 1010 523 1052 eorum
544 990 619 1053 loco
643 990 699 1073 qui
723 991 916 1054 exciderunt
936 992 1103 1055 Phoroum
1128 999 1162 1055 et
1183 991 1322 1055 Dionam
1345 991 1394 1054 in·

102 1109 222 1173 seruit.
254 1109 383 1172 Recens
399 1129 475 1170 vcro
492 1109 758 1191 Rhapsodiarum
773 1110 981 1174 diasceuasta
1001 1132 1076 1173 oum
1092 1110 1246 1174 Titanum
1262 1110 1395 1174 nomina

103 1250 146 1292 ex
170 1228 309 1310 antiquo
334 1226 419 1290 libro
443 1227 478 1290 in
502 1250 596 1292 suum
627 1229 849 1292 translaturus
875 1230 1045 1293 Oceanum
1076 1236 1111 1293 et
1134 1229 1268 1314 Tethyn
1273 1278 1283 1307 ‚
1315 1230 1394 1293 deos

103 1344 425 1430 praestantissimos,
451 1368 512 1410 neo
536 1347 633 1430 plane
659 1347 846 1411 ommittere
871 1369 977 1431 neque
1003 1369 1059 1410 eos
1083 1347 1217 1410 illorum
1240 1355 1395 1431 parentes

106 1466 293 1548 relinquere
307 1466 441 1544 vellet,¹
457 1465 506 1528 ita
522 1488 556 1530 se
573 1466 715 1530 fortasse
731 1465 931 1530 difficultate
948 1466 1127 1549 expedivit,
1145 1473 1183 1530 ut
1199 1488 1255 1529 eos
1270 1467 1395 1530 honore

108 1584 259 1668 privatos
279 1607 386 1647 rursus
408 1584 442 1647 in
464 1584 557 1648 Coeli
578 1585 757 1649 liberorum
779 1607 951 1648 numerum
972 1585 1138 1668 redigeret
1159 1585 1243 1649 nihil
1265 1608 1393 1663 curans,

105 1704 196 1786 quod
212 1703 258 1765 sio
272 1703 520 1786 quatuordecim
529 1704 664 1768 Titanes
679 1704 851 1768 orirentur.
883 1705 939 1768 Ad
949 1705 1037 1788 quod
1050 1706 1306 1789 perpetrandum
1321 1726 1396 1767 cum

104 1844 190 1905 opus
201 1830 300 1900 esset,
309 1830 348 1886 ut
356 1831 551 1902 removeret,
564 1845 776 1907 quaecunque
784 1824 824 1888 de
833 1824 958 1887 Oceani
967 1825 1121 1908 dynastia
1130 1830 1262 1888 narrata
1273 1830 1394 1902 essent,

104 1941 251 2004 fortasse
273 1948 345 2004 tum
371 1942 422 2005 illi
443 1943 507 2006 duo
534 1942 689 2006 versiculi
710 1966 729 2005 a
750 1944 891 2006 Platone
912 1943 947 2006 in
969 1945 1106 2028 Cratylo
1130 1943 1287 2028 appositi,
1315 1965 1395 2026 quos
1490 1953 1492 1957 '

104 2083 207 2143 supra
216 2060 328 2124 mirati
337 2084 449 2124 snmus
465 2063 635 2125 aProculo
649 2084 716 2124 non
726 2062 984 2141 commemorari,
1003 2061 1174 2126 ecarmine
1190 2062 1394 2126 exciderunt.

194 2180 261 2243 Sed
282 2182 365 2244 haec
386 2181 496 2244 nescio
520 2204 561 2245 an
583 2188 793 2265 praepostere
814 2181 904 2270 diota
925 2181 1003 2245 sint.
1035 2180 1111 2244 Etsi
1131 2181 1217 2244 enirn
1238 2180 1290 2258 iis,
1314 2201 1397 2263 quae

103 2299 206 2362 modo
232 2298 410 2383 disputavi,
434 2300 612 2364 verisimile
636 2301 764 2364 factum
788 2322 860 2363 esse
884 2308 981 2383 puto,
1008 2301 1182 2364 Platonem
1206 2300 1241 2363 in
1264 2299 1397 2362 Timaeo

105 2418 274 2502 quandam
299 2419 425 2502 Orphei
452 2419 669 2503 theogoniam
698 2419 881 2503 respexisse
911 2442 979 2483 non
1009 2418 1178 2483 dissimilis
1209 2416 1396 2503 argumenti

104 2560 232 2616 eorum,
251 2559 334 2621 quae
350 2539 391 2602 de
406 2539 577 2602 Novorum
588 2539 834 2603 Platonicorum
851 2539 1024 2623 theologia
1034 2538 1180 2623 Orphica
1195 2536 1395 2615 noverimus,

104 2665 220 2720 tamen
236 2657 313 2721 inde
329 2680 395 2721 non
416 2658 576 2741 sequitur,
599 2660 708 2722 valere
729 2658 817 2722 idem
833 2659 873 2722 dc
890 2658 1019 2740 Cratyli
1038 2658 1124 2721 loco.
1155 2659 1294 2720 Poterat
1309 2657 1397 2720 enim

106 2777 205 2839 Plato
227 2778 263 2839 in
285 2776 422 2840 diversis
444 2776 586 2860 dialogis
609 2777 746 2840 diversis
763 2777 889 2860 Orphei
911 2776 1110 2840 carminibus
1134 2776 1193 2839 uti.
1225 2774 1394 2853 Profecto,

104 2902 240 2980 poterat
256 2895 399 2978 quidem,
423 2896 481 2959 sed
498 2919 572 2960 eum
587 2917 621 2960 re
643 2918 721 2959 vera
741 2917 839 2959 usum
854 2917 926 2960 esse
938 2892 1030 2958 'mihi
1050 2918 1117 2958 non
1133 2895 1310 2958 admodum
1327 2915 1396 2957 ore·

104 3014 209 3079 dibile
232 3021 295 3078 est.
329 3014 438 3079 Ouidi
460 3037 537 3078 oum
557 3015 592 3078 in
612 3022 753 3098 utroque
777 3014 921 3098 Orphico
944 3015 1029 3078 libro
1052 3015 1092 3078 de
1114 3014 1250 3076 deorum
1271 3019 1346 3076 ortu
1362 3018 1396 3075 et

104 3133 314 3218 genealogiis
340 3133 518 3199 dissertum
542 3155 614 3198 esse
636 3157 678 3198 ex
694 3134 823 3219 Oratyli
845 3140 879 3197 et
900 3133 1025 3198 Timaei
1046 3134 1155 3202 verbis
1181 3138 1337 3216 appareat
1362 3137 1396 3194 et

104 3253 188 3317 satis
205 3252 324 3317 idonea
340 3275 439 3317 causa
454 3253 593 3318 inveniri
607 3254 726 3337 possit,
744 3255 784 3317 dc
801 3277 865 3337 qua
879 3260 996 3338 postea
1010 3253 1062 3316 illi
1076 3274 1190 3316 versus
1205 3252 1240 3315 in
1258 3252 1395 3336 Cratylo

105 3373 358 3437 commemorati
379 3372 572 3451 exciderint,
597 3396 705 3437 nonne
728 3373 910 3457 simplicius
932 3373 1072 3457 ideoque
1093 3372 1202 3436 verius
1223 3379 1275 3435 est
1291 3370 1396 3454 suspi-

104 3493 185 3572 cari,
211 3492 390 3558 Platonem
412 3515 480 3557 non
504 3494 568 3556 duo
590 3493 715 3577 Orphei
740 3515 844 3576 opera·
863 3494 960 3577 plane
985 3493 1132 3556 eiusdem
1156 3489 1343 3574 argumenti
1362 3490 1395 3552 in

103 3611 259 3675 manibus
275 3611 443 3690 habuisse,
467 3613 526 3676 sed
542 3635 642 3676 unam
656 3619 789 3676 tantum
806 3611 985 3694 Orphicum
1002 3611 1228 3694 Theogoniam
1244 3615 1396 3673 secutum

103 3733 200 3795 esse?
217 3732 342 3795 Verum
357 3755 441 3794 unus
457 3738 562 3795 restat
579 3733 763 3816 scrupulus.
796 3731 931 3795 Etenim
947 3731 1037 3795 dicat
1052 3728 1225 3814 quispiam,
1247 3749 1395 3812 pugnare

103 3872 156 3929 ea,
175 3872 259 3933 quae
276 3872 317 3914 ex
334 3850 472 3935 Oratylo
495 3850 705 3934 accipiamus,
730 3873 804 3914 cnm
820 3851 945 3915 Timaei
960 3850 1132 3927 relatione,
1156 3848 1309 3932 quoniam
1325 3848 1396 3912 illic

104 3971 263 4032 Oceanus
281 3976 315 4032 et
330 3971 456 4054 Tethys
477 3969 574 4054 primi
594 3971 728 4055 nuptias
750 3970 869 4035 fecisse
885 3970 1047 4046 dicantur,
1070 3967 1126 4032 hle
1141 3990 1217 4032 vero
1234 3968 1335 4032 iidem
1351 3968 1397 4031 dii

100 4111 147 4152 ex
165 4088 261 4151 Coeli
283 4097 317 4152 ct
338 4091 457 4152 Terrae
480 4088 636 4172 conjugio
658 4090 827 4174 fingantur
848 4088 913 4153 orti
935 4109 1017 4151 esse.
1052 4092 1102 4152 At
1123 4110 1198 4152 oum
1214 4089 1340 4171 Tethys
1361 4087 1396 4149 in

176 4258 284 4323 ¹Quia,
312 4262 412 4325 opinor,
441 4269 496 4312 tum
521 4263 645 4327 temporis
667 4264 764 4327 ubique
787 4273 812 4314 et
834 4263 867 4313 ab
892 4262 1010 4312 omnibus
1033 4262 1100 4313 inter
1117 4263 1238 4313 Titanum
1260 4274 1396 4310 numerum

97 4347 292 4399 referebantur.
