2986 4800
674 188 844 282 -tlt-

113 391 235 475 pariter
251 389 451 454 mentionem
467 389 564 466 facit,
587 411 668 472 quos
685 388 726 452 de
742 386 873 451 Amoris
894 386 1021 470 origine
1036 387 1147 469 aliqua
1162 384 1346 470 prodidisse
1362 406 1397 448 ex

113 509 261 574 versibus
283 508 405 592 colligo
427 510 469 573 ab
491 509 607 573 eodem
630 507 790 591 scriptore
810 507 844 570 in
860 507 1010 570 Phaedro
1028 509 1071 591 (p.
1090 509 1151 571 252
1168 504 1207 588 C)
1223 503 1394 588 appositis:

393 630 437 682 ris
455 626 475 681 δ’
494 627 552 698 ἤτοι
569 627 659 699 θνητοὶ
678 629 726 696 μὲν
737 623 845 700 Ἔρωτα
862 626 969 679 καλοῦσι
986 626 1105 696 ποτηνόν,

394 730 519 784 ἀθάνατοι
537 732 566 783 δὲ
585 728 711 803 liutperto
729 730 771 782 διὰ
788 729 951 802 πτερόφοιτον
970 726 1111 800 ἀνάγκηπῑ

110 830 248 896 Maximi
263 833 351 917 apud
367 855 418 896 me
435 831 595 896 momenti
610 840 679 911 est,
702 831 790 915 quod
805 838 936 916 praeter
951 830 1138 893 Eudemum
1153 828 1255 892 etiam
1272 826 1394 891 Aristo·

109 953 194 1015 teles
215 953 306 1015 nullo
323 952 630 1036 Metaphysioorum
650 952 724 1015 loco
746 950 890 1034 aliquam
908 950 1142 1032 theologorum
1159 947 1345 1012 doctrinam
1360 947 1393 1010 de

109 1073 258 1134 Phanote
275 1079 520 1135 commemorat.
549 1072 695 1135 Primum
713 1070 799 1134 enim
815 1092 881 1134 nou
898 1068 984 1132 sicut
1000 1069 1097 1132 Plato
1115 1089 1194 1131 casu
1208 1074 1244 1130 et
1259 1044 1393 1131 fortuitu

110 1190 164 1253 hic
180 1189 248 1253 illic
265 1191 404 1255 aliorum
420 1191 617 1274 scriptorum
633 1189 756 1276 placita
773 1188 914 1252 orationi
934 1187 1114 1252 admiscere
1129 1187 1233 1264 solet,
1257 1186 1318 1249 sed
1333 1185 1391 1248 fere

109 1331 237 1393 semper
265 1311 492 1394 praeeuntium
518 1311 790 1395 philosophorum
821 1310 861 1374 de
888 1306 1037 1392 qualibet
1061 1305 1198 1369 materia
1223 1314 1391 1390 praecepta

107 1437 267 1508 recenset,
285 1430 475 1513 priusquam
490 1430 560 1514 ipse
577 1430 705 1514 aperias
723 1429 847 1492 diluere
863 1425 1068 1511 aggreditur.
1103 1425 1168 1488 Vix
1183 1424 1289 1509 igitur
1305 1423 1390 1488 dubi·

106 1549 244 1612 tandum
261 1555 323 1627 est,
342 1548 420 1633 quin
437 1549 598 1632 ejusmodi
616 1549 710 1628 locis,
729 1549 843 1632 quales
860 1554 938 1610 sunt
954 1547 1038 1609 Met.
1055 1546 1084 1622 I,
1101 1550 1122 1608 t
1137 1568 1170 1628 p.
1183 1546 1279 1611 9841)
1298 1547 1336 1609 23
1347 1568 1388 1627 sq.

107 1673 284 1737 ὑποπτεύσειε
306 1674 326 1736 δ’
350 1676 381 1737 ἄν
394 1700 433 1744 τις
443 1675 571 1737 Ἡσίοδον
585 1685 691 1756 πρῶτον
707 1681 821 1754 ζητῆσαι
839 1677 870 1736 τὸ
885 1673 1069 1735 colticensis
1090 1672 1164 1740 εἴτις
1179 1672 1261 1740 ἄλλος
1277 1672 1389 1752 {potui

105 1794 246 1872 ἐπιθυμίαν
265 1797 292 1854 ἐν
305 1798 359 1861 τοῖς
373 1792 445 1855 οὖσιν
460 1795 559 1873 ἔθηκεν
579 1799 617 1862 ὡς
632 1796 732 1878 ἀρχήν,
753 1795 807 1856 οἷον
821 1795 866 1855 καὶ
881 1793 1050 1872 Παρμενίδης
1064 1797 1121 1853 κτλ.
1141 1784 1195 1847 vel
1211 1784 1298 1847 XIV
1319 1806 1346 1847 0·
1362 1788 1388 1860 4,

105 1902 162 1966 ubi
177 1905 354 1988 theologos
374 1913 408 1968 et
423 1912 540 1988 poetas
556 1928 623 1968 non
643 1907 683 1969 ab
702 1906 826 1988 optimo
843 1904 972 1968 initium
989 1902 1107 1982 iacere,
1131 1925 1186 1966 eos
1202 1925 1294 1982 vero,
1316 1924 1389 1986 quos

106 2033 281 2110 μεμιγμένους
290 2031 399 2103 vocat,
413 2024 516 2088 veluti
526 2025 761 2109 Pherecydem,
775 2026 904 2108 Magos,
918 2023 1036 2087 deinde
1047 2022 1147 2087 etiam
1158 2023 1390 2107 Empedoclem

106 2148 139 2205 et
158 2144 391 2226 Anaxagoram
410 2154 441 2212 τὸ
456 2159 583 2232 γεννῆσαν
602 2160 707 2232 πρῶτον
722 2153 827 2232 dprcrov
849 2164 969 2227 ponere
987 2141 1083 2221 dicit,
1108 2141 1206 2205 etiam
1226 2143 1391 2226 Orpheum

105 2260 345 2340 arcessivisset,
370 2263 397 2325 si
422 2264 494 2347 ejus
515 2263 710 2346 singularis²
732 2263 901 2327 doctrinae
924 2263 964 2326 de
986 2262 1108 2325 mundo
1130 2283 1188 2346 per
1210 2263 1391 2326 Phanetem

104 2370 156 2442 vel
168 2383 325 2444 Amorem
336 2381 469 2445 condito
481 2389 515 2445 et
525 2390 642 2465 postea
653 2390 880 2446 consummato
892 2381 1046 2446 notitiam
1056 2381 1240 2445 habuisset.
1268 2380 1390 2445 Deinde

105 2521 181 2563 vero
198 2500 292 2563 nobis
309 2523 373 2563 non
391 2500 478 2564 sicut
493 2501 566 2564 aliis
581 2501 773 2586 responderi
782 2501 873 2579 licet,
892 2501 1111 2564 Aristotelem
1120 2508 1298 2585 propterea
1313 2499 1391 2563 nihil

104 2619 145 2682 de
163 2620 312 2683 Phanete
332 2620 439 2703 loqui,
463 2621 551 2704 quod
573 2642 645 2684 earn
661 2621 840 2705 Orphicam
861 2620 1092 2703 theogonium,
1117 2643 1181 2703 qua
1197 2621 1295 2684 Plato
1314 2641 1391 2681 usus

104 2739 148 2801 sit
164 2738 247 2804 etin
264 2762 327 2822 qua
343 2741 414 2803 sola
429 2741 468 2804 de
485 2740 543 2802 illo
561 2762 666 2803 sermo
683 2739 794 2818 fuerit,
813 2740 945 2804 omnino
962 2763 1029 2802 uon
1042 2739 1212 2823 cognitam
1229 2738 1389 2832 habuerit.

103 2861 209 2942 Supra
219 2859 305 2922 enim
315 2860 396 2922 satis
408 2861 638 2944 comprobasse
649 2859 730 2923 mihi
740 2859 863 2937 videor,
882 2860 1020 2923 eandem
1031 2867 1065 2922 et
1074 2859 1209 2923 Platoni
1220 2866 1255 2922 et
1267 2859 1390 2922 Aristo·

102 2978 163 3042 teli
182 2979 297 3043 tritam
318 2978 420 3042 fuisse
441 2979 647 3062 theologiam
670 2978 806 3063 Orphei.
854 2978 889 3041 Si
913 2978 1016 3061 igitur
1039 2978 1121 3041 nihil
1147 2978 1255 3057 aliud,
1283 2979 1390 3042 favent

103 3099 222 3161 saltem
239 3098 400 3182 ejusmodi
416 3106 612 3182 argumenta
628 3120 645 3161 e
661 3097 793 3162 silentio
804 3096 911 3182 petita
926 3097 1004 3176 illis,
1023 3120 1105 3181 quae
1122 3105 1221 3161 antea
1237 3121 1280 3162 ex
1294 3097 1389 3184 scrip·

102 3224 212 3279 torum
228 3217 321 3295 locis,
340 3218 458 3301 quibus
473 3219 603 3282 Phanes
621 3223 906 3296 commemoratur,
924 3217 1004 3280 solis
1021 3239 1132 3281 eruere
1149 3217 1350 3281 studuimus.

189 3337 275 3398 Sunt
296 3343 407 3399 autem
427 3337 512 3400 alius
529 3358 658 3420 quoque
680 3336 811 3420 generis
834 3344 1044 3420 argumenta,
1068 3337 1187 3420 quibus
1203 3359 1246 3402 ne
1261 3344 1388 3402 tantum

104 3454 236 3538 quidem
246 3454 415 3539 impetrari
425 3455 654 3520 concesserim.
675 3456 821 3520 Primum
833 3457 937 3540 ajunt,
951 3456 1172 3520 theocrasiam
1182 3455 1216 3520 in
1227 3457 1387 3541 fragmen·

171 3659 180 3690 ¹
197 3663 238 3712 Ita
249 3662 375 3712 Zellero
394 3663 548 3725 respondere
566 3663 654 3711 malim
672 3678 749 3726 quam
768 3678 826 3712 cum
844 3662 1015 3713 Lobeckio
1035 3663 1110 3728 (Api.
1120 3682 1150 3730 p.
1166 3669 1215 3714 529
1229 3664 1288 3730 N.)‚
1309 3666 1386 3715 Plato·

102 3762 160 3797 uem
173 3756 198 3797 et
209 3748 377 3797 Aristotelem
390 3746 487 3809 Orphei
506 3746 656 3810 suffragium
673 3755 795 3811 tanquam
814 3749 953 3812 deportani
971 3750 1105 3812 cujusdam
1121 3752 1281 3814 repudiasse.
1305 3752 1385 3816 Ipsum

22 3844 25 3851 ’
103 3831 234 3895 Orpheum
258 3832 327 3881 enim
350 3832 454 3881 minime
479 3831 594 3882 deridere
618 3833 717 3882 videtur
740 3833 813 3882 Plato
838 3835 905 3884 sicut
928 3835 1182 3899 Orpheotclcstarum
1203 3852 1322 3902 gregem,
1347 3835 1384 3886 sed

102 3931 161 3966 eum
184 3931 236 3966 nou
258 3918 344 3966 minus
368 3933 445 3981 quam
467 3917 608 3967 Homerum
626 3925 651 3968 et
669 3920 810 3968 Hesiodum
833 3921 899 3970 iuter
919 3920 1012 3971 Graeci
1034 3923 1125 3986 populi
1148 3934 1331 3988 praeceptores
1352 3935 1383 3970 re·

102 4017 207 4052 censere
226 4003 298 4063 solet,
318 4002 352 4053 cf.
371 4002 517 4053 Gerhard
536 4005 555 4053 i.
576 4022 597 4053 c.
614 4022 644 4068 p.
666 4008 679 4051 9
699 4013 767 4069 etp.
787 4011 821 4053 44
840 4007 874 4056 N.
896 4012 920 4055 6.
941 4035 970 4042 -
992 4006 1112 4058 Ceterum
1136 4010 1195 4059 illos
1220 4010 1286 4059 duos
1303 4020 1381 4060 versus

102 4101 154 4136 uon
171 4102 188 4136 a
206 4085 312 4138 Socrate
330 4089 402 4138 fictos
422 4104 486 4150 esse,
506 4090 571 4139 bene
590 4089 681 4152 probat
698 4088 887 4140 Lobeckius
904 4093 967 4156 Agl.
982 4110 1012 4158 p.
1034 4098 1092 4143 861.

170 4170 277 4224 ²solus
301 4176 370 4224 enim
388 4174 506 4239 Orpheus
531 4176 597 4226 inter
619 4183 717 4225 veteres
739 4183 829 4239 poetas
853 4184 878 4226 et
900 4177 1034 4242 theologos
1059 4179 1080 4227 si
1099 4193 1151 4229 non
1170 4181 1297 4244 optimum
1315 4180 1381 4228 deum

103 4260 137 4324 (is
156 4259 224 4309 cuim
241 4259 345 4323 Jupiter
363 4262 422 4324 est),
444 4269 530 4311 tamen
553 4262 686 4312 meliorem
704 4270 729 4311 et
748 4261 948 4324 splendidiorem
969 4263 1001 4313 ab
1025 4264 1099 4313 initio
1118 4267 1257 4328 posuisset,
1277 4280 1351 4329 quam
1365 4261 1379 4309 ii

102 4353 196 4410 essent,
216 4347 259 4409 qui
278 4362 335 4396 eum
355 4347 577 4409 subsequerentur.
