2986 4800
786 219 826 278 82

165 419 289 482 verbis:
308 424 363 488 Δύο
378 425 477 493 ταύτας
492 428 578 509 ἀρχὰς
593 428 782 506 ὑποτιθέμενος
796 434 911 506 πρῶτον,
928 428 1001 506 ὕδωρ
1017 428 1062 487 καὶ
1075 434 1133 506 γῆν,
1147 424 1199 507 τὴν
1214 431 1244 488 δὲ
1259 429 1321 507 μίαν
1336 429 1388 506 πρὸ
1404 434 1458 488 τῶν

165 551 236 607 δυοῖν
251 545 368 626 ἄρρητον
383 547 475 626 ἀφίησι
492 538 715 620 colligendum
732 560 805 601 eum
823 539 971 602 obscuris
982 538 1179 622 quibusdam
1194 539 1303 603 verbis
1320 539 1457 623 aliquod

164 680 285 722 numen
306 657 526 741 significasse,
554 658 640 740 quod
666 657 730 721 iam
757 665 973 741 anteaquam
996 659 1107 722 fuerit.
1154 660 1332 723 Damascio
1355 659 1454 737 enim,

166 779 221 861 qui
236 800 333 862 saepe
350 800 391 840 ex
406 801 470 841 unc
483 784 614 840 tantum
625 778 755 841 nomine
766 778 907 842 triadem
922 780 1105 857 enucleet,¹
1123 802 1226 861 aquae
1243 785 1277 843 et
1292 779 1373 842 limo
1390 801 1457 842 una

165 899 315 962 addenda
336 897 400 960 fuit
417 907 505 989 ἀρχή,
525 904 564 959 ut
586 897 690 980 prima
709 899 790 961 trias
813 901 1066 982 compleretur.8
1112 901 1163 962 Ex
1181 923 1266 982 aqua
1287 905 1402 962 autem
1423 905 1458 961 et

165 1018 244 1080 limo
268 1016 388 1080 animal
404 1017 552 1080 nascitur
568 1018 791 1101 serpentinum
815 1026 849 1081 et
864 1019 971 1083 tribus
989 1020 1153 1103 capitibus
1169 1019 1319 1097 leonino,
1343 1018 1456 1082 divino

168 1139 213 1220 (h.
232 1160 260 1200 e.
278 1140 445 1220 humano),
464 1136 593 1201 taurino
610 1137 796 1201 accinctum
813 1147 847 1202 et
864 1141 1021 1219 alatum,⁸
1046 1140 1098 1202 cui
1114 1161 1230 1202 nomen
1250 1146 1301 1202 est
1318 1138 1457 1201 Herculi

165 1258 218 1320 vel
244 1258 388 1320 Chrono.
444 1259 595 1322 Quocum
621 1260 834 1343 conjunctam
858 1259 961 1324 fuisse
981 1266 1131 1346 Ἀνάγκην,
1162 1281 1245 1342 quae
1270 1259 1389 1322 eadem
1413 1258 1457 1320 sit

165 1383 458 1465 etquenam,
479 1378 673 1441 Damascius
690 1378 816 1442 addit.4
860 1382 961 1442 Porro
983 1402 1024 1443 ex
1040 1382 1276 1463 Athenagorae
1293 1377 1456 1441 relatione

167 1497 229 1560 iste
246 1482 407 1560 Hercules
419 1498 528 1561 Ovum
545 1496 746 1561 mundanum
763 1498 873 1582 gignit
890 1506 924 1561 et
939 1499 1062 1577 fovet,³
1080 1522 1121 1562 ex
1137 1522 1200 1582 quo
1216 1499 1352 1561 tandem
1370 1499 1455 1570 Pha-

167 1640 223 1680 nes
241 1617 394 1701 erumpit.
420 1618 538 1680 Testae
555 1625 671 1701 ruptae
688 1617 823 1681 dimidia
839 1619 979 1681 alterum
996 1619 1125 1682 eoelum
1141 1619 1283 1682 alterum
1299 1624 1390 1680 terra
1404 1618 1451 1679 fit.

166 1735 371 1816 Quibuscum
382 1718 494 1801 tamen
504 1759 651 1819 pugnare
662 1736 826 1815 videntur,
845 1760 927 1820 quae
939 1737 1134 1802 Damascius
1146 1739 1186 1801 de
1197 1737 1353 1801 Herculis
1365 1738 1452 1820 prole

168 1855 281 1918 tradit.
315 1858 495 1938 Postquam
513 1855 649 1919 enimin
665 1856 800 1940 primam
817 1857 957 1921 triadem
974 1880 1103 1941 equam,
1126 1857 1253 1934 limum,
1275 1857 1450 1920 Herculem

165 1975 305 2058 redegit,
325 1977 462 2039 alteram
478 1975 525 2039 ita
542 1976 744 2040 constituere
761 1978 885 2056 studet,
903 1987 941 2041 ut
957 1977 1196 2062 Hieronymum
1214 1976 1339 2060 pariter
1356 1983 1448 2058 atque

166 2096 371 2178 Rhapsodias
392 2096 556 2180 triplicem
580 2097 733 2160 Herculis
756 2098 882 2180 prolem
908 2099 1029 2161 habere
1050 2097 1141 2161 dicat
1162 2100 1344 2160 Aetherem
1364 2095 1446 2159 vide·

176 2290 596 2303 ...u->ww

236 2421 348 2477 ¹Voluti
369 2441 402 2476 ex
419 2419 541 2489 Phanote,
567 2429 599 2476 cf.
623 2429 727 2490 Qaceet.
745 2445 773 2494 p.
793 2433 856 2477 380:
883 2423 937 2496 Τὴν
956 2426 985 2478 δὲ
1002 2423 1091 2499 τρίτην
1110 2427 1157 2490 (ac.
1177 2424 1281 2496 τριάδα)
1299 2425 1343 2476 τὸν
1359 2420 1440 2493 Μῆτιν,

166 2513 209 2565 τὸν
226 2509 392 2585 Ἤρινεπαῖον
411 2516 445 2570 ὡς
464 2513 577 2582 δύναμιν,
597 2513 639 2564 τὸν
659 2510 768 2584 Φάνητα
787 2512 864 2565 αὐτὸν
883 2515 918 2571 ὡς
935 2513 1043 2585 πατέρα.
1485 2530 1487 2535 ·

236 2596 306 2649 'Gt
326 2601 403 2649 verba
423 2616 484 2648 mcx
508 2601 654 2664 sequentia:
682 2595 735 2651 Kal
760 2597 935 2669 ὑπολαμβάνω
961 2599 1008 2668 τὴν
1027 2599 1053 2650 ἐν
1071 2593 1303 2668 ταῖςῬαψῳδὶαις
1322 2592 1440 2663 θεολογίαν

167 2683 275 2756 ἀφεῖσαν
295 2683 340 2741 τὰς
359 2684 404 2737 δύο
422 2687 525 2756 πρώτας
544 2684 627 2757 ἀρχὰς
646 2682 711 2753 μετὰ
729 2691 776 2755 τῆς
795 2691 854 2753 μιᾶς
871 2685 919 2757 πρὸ
937 2694 989 2737 τῶν
1008 2684 1078 2736 δυοῖν
1095 2688 1142 2753 ’τῆς
1160 2689 1231 2753 σιγῆς
1249 2684 1323 2748 (Api.
1340 2701 1369 2748 p.
1387 2682 1438 2728 485:

165 2776 212 2840 τῆς
229 2774 262 2843 τῇ
281 2773 348 2844 σιγῇ)
366 2770 556 2843 ταραδοθείσης
573 2769 631 2822 τιτλ.

236 2853 303 2907 ³Ita
321 2859 484 2918 Damascius,
504 2859 546 2921 qui
567 2857 664 2906 Chroni
682 2858 781 2905 nomini
800 2858 877 2907 etiam
896 2857 1026 2923 epitheton
1044 2854 1172 2927 ἀγήρατος
1190 2855 1268 2903 addit.

234 2939 245 2971 ⁴
264 2944 418 2993 Damascius
431 2943 616 3006 Hieronymum
634 2943 742 3006 primam
755 2943 862 2991 triadem
876 2958 926 2992 non
943 2945 980 2991 ita
998 2943 1126 3006 complere
1139 2942 1209 3001 dicit,
1228 2946 1341 2989 utente
1359 2948 1438 2999 aquam

166 3036 192 3077 et
208 3029 297 3077 limum
316 3043 452 3078 commune
478 3029 578 3091 utrique
596 3028 751 3091 principium
776 3029 843 3077 sicut
861 3029 905 3077 elii
930 3029 1045 3091 theologi
1063 3036 1156 3091 ponat,
1183 3028 1228 3076 sed
1247 3027 1284 3075 ita
1308 3033 1336 3074 ut
1352 3023 1438 3073 tertiam

167 3111 251 3185 ἀρχὴν
268 3124 342 3178 post
359 3115 418 3164 illos
438 3116 588 3175 constituat,
614 3129 706 3178 nempe
724 3115 862 3164 Herculem
880 3116 960 3164 illum.
999 3114 1083 3174 Quam
1101 3114 1204 3177 quidem
1223 3111 1309 3183 ἀρχὴν
1328 3108 1438 3159 masculo

167 3199 303 3248 femineam
323 3215 392 3261 esse,
418 3216 476 3248 eum
493 3195 611 3269 Ἀνάγκη
629 3215 688 3248 cum
706 3200 815 3249 Hercule
835 3201 910 3248 simul
928 3199 1044 3248 exsistat.
1081 3199 1139 3262 Ipse
1164 3199 1240 3261 igitur
1259 3197 1381 3246 Hercules
1397 3204 1437 3240 uon

167 3291 207 3332 est
225 3283 406 3354 ἀρσενόθηλυτ,
427 3288 470 3334 sed
489 3286 653 3349 principium,
673 3286 742 3347 quod
761 3286 803 3333 ille
822 3300 873 3332 una
891 3300 949 3333 cum
966 3285 1124 3333 Necessitate
1143 3284 1238 3345 explet.
1485 3320 1487 3341 ,

236 3366 293 3417 ⁶ln
307 3371 470 3433 Rhapsodiis,
490 3386 556 3433 quac
575 3371 683 3418 fortasse
702 3385 733 3418 ea
750 3370 776 3417 in
795 3385 821 3418 re
840 3370 872 3418 ab
886 3369 1035 3432 Hieronymi
1053 3369 1177 3417 relatione
1195 3382 1248 3417 non
1265 3366 1438 3430 discrepabant,
1484 3346 1487 3451 l

167 3455 230 3504 haec
258 3457 294 3503 ita
321 3455 497 3503 describuntur
525 3457 658 3519 (Damaso.
679 3456 698 3504 l.
719 3473 741 3504 c.
757 3472 786 3519 p.
807 3454 883 3517 380):
918 3449 962 3509 El<
985 3452 1013 3504 δὲ
1040 3452 1087 3520 τὴν
1114 3452 1234 3524 δευτέραν
1262 3453 1331 3519 (scil.
1350 3445 1438 3522 τριάδα)
1485 3454 1487 3523 j

167 3539 252 3591 τελεῖν
275 3537 332 3608 ἤτοι
356 3539 385 3590 τὸ
408 3538 548 3606 κυούμενον
571 3540 616 3591 καὶ
640 3541 669 3592 τὸ
692 3539 754 3591 νόον
773 3539 823 3590 ὠὸν
846 3539 889 3590 τὸν
914 3536 986 3598 θεὸν,
1011 3536 1090 3608 ἣτὸν
1115 3538 1215 3611 ἀργῆτα
1240 3547 1351 3610 χιτῶνα,
1370 3535 1387 3606 ἢ
1403 3531 1440 3599 τὴν
1485 3572 1487 3613 ;

167 3624 318 3696 νεφέλην,
339 3623 378 3675 ὅτι
397 3623 427 3674 ἐν
444 3623 541 3675 τούτων
559 3620 849 3695 ἐνθρώσιιειοΦσὶνης.
886 3624 928 3672 Ad
946 3625 1213 3687 quaeLobeckius
1237 3626 1312 3689 (Agl.
1329 3642 1359 3688 ρ.
1378 3622 1439 3680 484):
1485 3616 1487 3663 l

169 3711 319 3774 „intelligas
345 3711 476 3774 llrphcum
501 3718 643 3758 extremum
667 3710 744 3770 illud,
770 3710 837 3771 quod
862 3717 954 3757 cuncta
978 3710 1114 3772 complexu
1138 3724 1185 3759 suo
1209 3717 1352 3769 coerceret,
1377 3705 1440 3756 modo
1485 3752 1487 3759 .

169 3795 279 3866 νεφέλην
297 3797 374 3845 modo
395 3792 494 3866 ἀργῆτα
516 3802 613 3866 χιτῶνα
638 3795 780 3857 appellasse
800 3795 888 3842 eadem
912 3793 1062 3857 metaphora
1083 3811 1167 3854 usum,
1192 3810 1244 3857 qua
1261 3795 1407 3858 Leucippus
1422 3795 1441 3836 el
1485 3764 1487 3837 l

170 3882 334 3934 Democritus
359 3891 458 3955 χιτῶνα
481 3880 570 3952 ιιύιιλιρ
595 3880 641 3931 καὶ
665 3878 746 3948 ὑμένα
767 3877 931 3950 περιτείνουσι
954 3883 992 3950 τῷ
1015 3869 1136 3950 νόσμιρέ(
1171 3879 1259 3943 Ipsum
1279 3878 1376 3943 Orphei
1399 3889 1442 3923 ver·

170 3983 227 4015 sum
246 3968 332 4018 laudat
349 3971 417 4020 idern
436 3969 589 4020 Damascius
604 3986 634 4033 p.
658 3973 702 4016 147
724 3967 766 4030 (cf.
787 3969 849 4034 Api.
866 3986 896 4033 p.
915 3966 990 4031 475):

433 4084 467 4092 —
488 4083 517 4092 -
555 4051 643 4105 ἔπειτα
662 4047 682 4103 δ’
702 4048 787 4111 ἔτευξε
806 4052 886 4121 μέγας
903 4049 999 4124 Χρόνος
1018 4049 1101 4123 αἰθέρι
1119 4048 1166 4122 δίῳ

435 4141 500 4192 rheda
519 4132 644 4212 ἀργύφεον
664 4168 705 4190 -.

169 4225 296 4288 Equidem
314 4226 414 4275 haesito
439 4227 465 4274 in
483 4227 528 4275 illo
552 4226 677 4274 vocabulo
695 4221 816 4295 νεφέλην.
854 4222 921 4284 Quid
941 4224 1010 4272 euim
1032 4224 1093 4271 nubi
1112 4238 1170 4272 cum
1193 4223 1258 4272 ovo?
1285 4221 1443 4272 Scribendum

169 4312 246 4371 igitur
270 4321 331 4374 puro
355 4309 471 4381 ιιελὺφην
487 4312 513 4359 h.
533 4327 556 4361 e.
575 4319 680 4372 testam,
705 4312 730 4358 id
755 4300 823 4373 quod
845 4312 999 4360 Damascius
1023 4289 1157 4358 rethorum
1175 4308 1218 4359 τὸν
1237 4307 1338 4380 ἀργῆτα
1356 4313 1444 4379 χιτῶνα

171 4398 381 4461 explicandorum
399 4413 478 4446 creusa
495 4399 589 4446 addere
606 4400 696 4460 potuit.
