2986 4800
721 203 760 265 76

103 412 169 484 est,
192 427 267 478 cum
283 428 377 469 nemo
398 404 508 468 dicere
529 404 651 488 possit,
674 427 738 487 quo
760 411 908 488 tempore
925 404 1107 488 Eumolpus
1130 409 1246 468 contra
1261 403 1386 466 Erech-

101 527 218 590 theum
242 525 365 588 bellum
390 525 543 608 gesserit.
590 525 688 588 Certe
719 525 825 587 multo
855 529 934 588 ante
963 525 1132 587 saeculum
1162 529 1320 586 octavum
1353 521 1388 584 id

103 643 227 707 factum
251 650 313 707 est.
353 644 436 707 Quis
460 651 571 708 autem
595 666 636 707 cx
658 643 839 713 Pausaniae
864 642 1043 707 aliorumve
1067 643 1266 726 scriptorum
1290 641 1386 718 locis,

102 762 159 827 ubi
174 764 340 847 Pamphus
357 769 434 826 ante
451 763 620 847 Orpheum
636 762 825 826 nominatur
840 765 949 846 (Paus.
963 763 1025 841 IX,
1041 765 1092 841 27,
1105 761 1140 848 2)
1156 763 1211 825 vel
1227 763 1387 824 Musaeus

102 882 257 965 Eumolpi
276 904 362 945 nunc
378 889 473 965 pater
493 905 580 966 nunc
596 883 684 945 filius
704 882 921 966 appellatur,¹
944 882 1070 966 Orphei
1087 857 1164 945 vero
1186 889 1220 945 et
1242 880 1332 944 iilius
1355 887 1388 944 et

103 1000 301 1084 discipulus²
312 1001 514 1084 perhibetur,
533 1001 615 1083 quis,
635 1001 780 1084 inquam,
792 1023 833 1064 ex
848 1002 1010 1085 ejusmodi
1026 1000 1266 1065 commenticiis
1277 1022 1387 1065 narra·

103 1119 249 1184 tionibus
267 1142 378 1184 cruere
394 1121 528 1204 poterit,
549 1143 613 1203 quo
630 1120 743 1183 ordine
759 1119 809 1182 illi
824 1128 942 1204 poetae
958 1119 1041 1183 alius
1057 1120 1157 1184 alium
1174 1119 1282 1183 secuti
1298 1119 1386 1183 sint?

103 1239 222 1321 Itaque
238 1238 347 1303 missis
362 1239 435 1303 istis
454 1239 583 1323 frigidis
602 1238 844 1324 periegetarum
865 1239 988 1303 fabulis
1008 1240 1202 1318 videndum,
1225 1239 1386 1322 numquid

103 1358 173 1422 fieri
188 1358 308 1442 possit,
332 1366 370 1421 ut
386 1381 426 1422 ex
441 1364 637 1442 argumento
652 1358 786 1422 illorum
801 1359 959 1422 librornm
976 1358 1100 1442 aliquid
1118 1359 1159 1423 de
1178 1379 1291 1422 eorum
1316 1379 1386 1439 suc·

104 1478 250 1541 cessione
273 1485 450 1542 statuatur.
495 1482 539 1542 At
560 1501 601 1541 ne
625 1477 671 1541 sic
695 1477 825 1561 quidem
850 1479 993 1542 multum
1016 1478 1236 1563 proficiemus.
1276 1480 1387 1542 Pauca

104 1597 190 1661 enim
210 1605 304 1676 sunt,
326 1621 409 1681 quae
431 1598 471 1661 de
487 1597 627 1682 Pamphi
648 1605 683 1662 et
704 1597 847 1675 Musaei,
870 1598 992 1662 nedum
1014 1598 1170 1681 Eumolpi
1190 1597 1325 1681 scriptis
1348 1597 1385 1661 ad

104 1717 273 1781 Eleusinia
288 1717 516 1800 spectantibus
532 1725 701 1800 comperta
715 1718 891 1792 habemus;
913 1741 985 1781 rara
1000 1717 1187 1801 fragmenta
1206 1718 1384 1800 eademque

105 1835 222 1899 misere
246 1858 304 1919 per
328 1837 490 1919 Zagreum
515 1837 686 1900 subditum
710 1821 916 1915 adulterata,
944 1858 1026 1920 quae
1051 1837 1093 1900 ad
1119 1860 1179 1900 nos
1207 1858 1249 1900 ex
1277 1844 1383 1900 vetere

105 1955 297 2038 Theogonis
322 1956 468 2040 Orphica
491 1964 723 2040 pervenerunt.
769 1955 917 2019 Primum
944 1955 1010 2018 iam
1039 1958 1101 2019 hoc
1130 1956 1297 2019 incertum
1325 1962 1382 2033 est,

104 2081 216 2138 utrum
240 2075 341 2159 longa
364 2074 423 2139 illa
446 2075 589 2139 narratio
613 2075 656 2139 'de
680 2075 806 2139 Cereris
831 2075 995 2139 erroribus
1020 2082 1055 2139 et
1077 2077 1211 2139 Baubus
1236 2074 1383 2139 ludibriis

105 2217 181 2277 pars
196 2195 407 2278 Theogoniae
423 2195 541 2274 fuerit,
565 2218 606 2258 an
621 2195 785 2278 peculiare
803 2195 967 2279 quoddam
988 2217 1119 2259 carmen
1134 2205 1277 2283 Δήμητρος
1295 2205 1384 2264 πλάναι

104 2314 157 2377 vel
173 2320 257 2400 Μῆνις
271 2324 412 2400 Δήμητρος
426 2313 652 2398 inscriptum.⁸
684 2315 750 2377 Sed
769 2314 910 2396 fortasse
930 2314 1144 2378 nihilominus
1166 2337 1204 2378 ea
1225 2315 1381 2379 relacione

104 2432 156 2495 uti
170 2431 266 2510 licet,
291 2432 366 2514 quia
382 2439 471 2496 certe
487 2433 619 2496 nomina
636 2440 669 2497 et
684 2434 885 2498 lineamenta
900 2433 1033 2498 fabulae
1049 2457 1116 2498 non
1136 2435 1267 2499 diversa
1286 2435 1381 2498 fuisso

104 2551 281 2632 verisimile
298 2558 350 2614 est
367 2553 454 2635 apud
473 2554 555 2616 duos
578 2553 754 2636 scriptores
775 2554 890 2617 ambos
907 2553 1032 2638 Orphei
1052 2576 1172 2617 nomen
1195 2555 1379 2618 ementitos.

106 2669 237 2733 Omisso
259 2670 362 2754 igitur
382 2672 474 2736 lovis
495 2680 529 2736 et
551 2672 766 2756 Proserpinae
786 2673 932 2752 incestu,
961 2696 1001 2736 ex
1026 2697 1089 2757 quo
1114 2675 1260 2758 Zagreus
1282 2672 1381 2737 nasci·

105 2798 175 2867 tur,
198 2790 265 2856 fere
282 2794 368 2856 hunc
387 2792 422 2855 in
443 2794 577 2856 modum
598 2801 694 2856 vetus
712 2794 864 2877 Orpheus
882 2793 1009 2857 Cereris
1031 2802 1065 2857 et
1080 2793 1296 2878 Proserpinae
1318 2793 1381 2856 sata

105 2909 235 2973 videtur
251 2911 444 2975 narravisse.
471 2912 570 2976 Ceres
587 2935 627 2976 ex
642 2915 661 2974 J
664 2935 724 2976 ove
740 2912 877 2975 enititur
892 2913 973 2976 duas
990 2913 1086 2991 filias,
1102 2913 1223 2977 Coram
1240 2914 1291 2977 vel
1309 2915 1379 2976 Pro·

106 3030 269 3113 serpinam
285 3037 319 3094 et
335 3031 503 3095 Hecateu⁴
520 3033 574 3095 vel
590 3033 731 3095 Selenen
747 3033 801 3096 vel
819 3033 969 3096 Dianam.
995 3033 1060 3096 Illa
1077 3055 1151 3096 cum
1167 3032 1314 3096 textrina
1329 3053 1380 3093 sua

105 3148 222 3212 relicta
244 3151 285 3213 ad
309 3151 478 3215 Oceanum
498 3152 593 3214 flores
615 3152 760 3235 legeret,
783 3175 801 3215 a
822 3153 964 3215 Plutone
987 3159 1082 3236 rapta
1105 3159 1172 3230 est,
1197 3151 1379 3234 quamvisa

107 3267 351 3350 Corybantibus
369 3270 600 3334 custodiretur.
632 3271 743 3334 Mater
758 3271 861 3334 filiam
880 3271 975 3334 anxie
996 3293 1154 3354 quaerens
1175 3272 1312 3336 tandem
1331 3271 1378 3333 de·

108 3386 194 3450 iesse
209 3389 251 3451 ad
268 3387 393 3452 fontem
411 3389 560 3453 consedit
580 3412 681 3474 prope
697 3390 905 3469 Eleusinem,
928 3390 985 3454 ubi
1003 3397 1076 3454 tum
1097 3397 1248 3475 pastores
1269 3410 1378 3474 greges

105 3507 297 3589 pascebant.
335 3509 438 3571 Erant
459 3516 569 3572 autem
591 3508 652 3573 viri
672 3523 789 3596 γηγενεῖς
809 3512 842 3572 h.
864 3532 892 3572 ee
916 3512 1161 3574 autochthones
1183 3516 1331 3594 agrestes
1352 3518 1379 3570 et

351 3635 533 3642 -...—-—..

173 3677 243 3731 ²cf.
265 3681 419 3743 Gerhard,
439 3685 457 3732 l.
479 3703 500 3733 o.
516 3702 545 3749 p.
566 3689 597 3732 59
616 3686 651 3734 N.
673 3689 713 3733 78.

174 3763 246 3818 ⁸1s.
267 3774 292 3817 et
308 3771 371 3833 Api.
388 3787 418 3834 p.
438 3775 496 3831 439,
517 3775 575 3818 454.

175 3850 184 3881 ¹
201 3855 264 3918 Agl.
281 3873 310 3921 p.
331 3858 390 3916 827,
410 3856 443 3905 cf.
459 3875 489 3920 p.
510 3861 568 3904 591.

174 3933 265 4002 ²A9l.
281 3958 310 4005 p.
331 3945 388 3990 545.
419 3942 533 3991 Tertiam
557 3956 671 3991 sororem
688 3941 809 4002 Dianam,
834 3942 865 3990 ab
885 3940 980 3990 Hecate
1003 3942 1137 4005 diversam,
1164 3941 1253 4002 luisse,
1273 3958 1306 3990 ex
1322 3939 1379 3990 locis

107 4039 123 4071 a
139 4021 308 4073 Lobeckio
332 4027 416 4075 allatis
438 4043 491 4076 non
515 4029 603 4090 liquet.
640 4026 696 4074 Imo
719 4027 825 4087 Hecate,
849 4041 915 4088 quae
934 4027 1011 4075 etiam
1035 4027 1061 4075 in
1079 4027 1218 4076 Homerico
1241 4027 1343 4091 Hymno
1358 4026 1380 4073 iu

108 4107 228 4158 Cererem
251 4111 335 4159 amica
357 4120 395 4160 est
412 4113 581 4176 Proserpinae
605 4120 630 4162 ct
653 4122 761 4162 matrem
784 4113 839 4175 ejus
857 4114 973 4172 adiuvat,
998 4115 1057 4177 ipsa
1079 4121 1118 4162 est
1135 4113 1210 4161 Luna
1230 4113 1265 4178 (t.
1285 4115 1312 4162 ἐπ
1331 4114 1379 4161 Oer.

106 4212 130 4244 v.
150 4200 182 4242 24
194 4211 243 4259 sq„
261 4195 306 4242 ubi
326 4195 381 4244 Soli
400 4200 548 4260 opponitur3
572 4217 596 4248 o.
618 4203 662 4247 52:
685 4194 797 4268 Ἑκάτη,
816 4198 892 4255 σέλας
910 4198 937 4250 ἐν
954 4195 1079 4270 χείρεσσιν
1097 4195 1206 4268 {pacm
1229 4216 1254 4248 a.
1274 4204 1336 4247 44οι
1355 4195 1380 4247 ἐκ

106 4282 151 4330 τοῦ
169 4278 193 4329 οἱ
218 4279 286 4348 [scil.
304 4280 483 4346 Proserpinae]
508 4281 635 4352 πρόπολος
655 4283 700 4335 καὶ
724 4283 811 4335 ὀπάων
834 4281 917 4336 ἔπλετ’
940 4281 1048 4347 ἄνασσα)
1071 4284 1097 4332 h.
1116 4298 1139 4332 c.
1158 4283 1255 4335 Beudis
1279 4284 1325 4332 illa
1346 4280 1380 4331 rel

106 4365 218 4415 Artemis
238 4365 284 4430 (cf.
302 4366 447 4427 Prellsr,
466 4368 549 4435 Myra.
569 4370 593 4429 I,
612 4369 673 4434 246)
691 4385 707 4418 a
725 4383 812 4419 sorore
830 4370 960 4433 Apollinis
977 4371 1085 4419 diversa
