2986 4800
782 205 822 266 80

162 404 245 466 Cum
263 411 373 467 autem
388 407 555 487 Pamphus
570 405 604 468 in
620 407 736 470 Attica
751 406 872 470 vixerit
888 408 998 489 (Paus.
1015 405 1085 483 IX,
1103 409 1154 483 29,
1171 408 1207 468 3:
1233 411 1380 490 Ἀθηναίοις
1393 416 1449 470 τῶν

162 530 250 610 ὕμνων
264 532 375 610 dromus
388 533 451 599 τοὺς
466 534 666 616 ἀρχαιοτάτους,
684 525 728 589 cf.
740 527 820 604 VH,
838 530 890 604 21,
906 528 937 608 3)
954 547 1014 588 nee
1029 523 1258 587 veridissimile
1274 523 1332 596 sit,
1349 521 1448 584 illum

163 663 291 725 quoque
307 644 466 726 hymnum
481 643 515 706 in
532 644 683 708 Cererem
700 646 863 729 quondam
878 644 914 708 in
929 644 1127 709 collectione
1143 643 1334 706 Atticorum
1350 643 1448 725 hym-

161 784 277 851 norum
292 769 462 847 receptum
478 762 606 841 fuisse,1
624 763 764 827 fortasse
781 764 882 828 etiam
896 764 1060 848 Orphicae
1076 761 1287 846 Theogoniae
1304 761 1448 844 scriptor

160 881 265 945 inter
283 883 419 944 horum
441 877 804 965 antiquissimorum
821 884 1051 947 Atticorum
1073 890 1283 968 poetarum
1304 902 1447 944 recen·

161 1001 311 1065 sendus
336 1007 399 1064 est
423 1023 638 1065 numerum.
684 1004 816 1066 Nomen
844 1026 920 1068 vero
947 1003 1072 1087 Orphei
1100 1025 1157 1066 cur
1185 1001 1249 1064 sibi
1277 999 1444 1078 asciverit,

161 1120 284 1184 neseio.
317 1120 382 1185 Sed
397 1120 464 1183 illis
480 1122 685 1206 temporibus
702 1146 767 1186 non
782 1122 979 1186 inusitatum
995 1122 1126 1186 videtur
1141 1121 1242 1185 fuisse
1249 1170 1259 1199 ,
1277 1127 1318 1183 ut
1333 1141 1443 1183 recen-

48 1276 57 1297 ·
161 1246 213 1302 tes
229 1247 346 1323 poetae
362 1241 415 1304 vel
434 1241 684 1305 veterrimorum
705 1249 820 1305 vatum
839 1242 1026 1306 nominibus
1047 1265 1107 1305 sua
1127 1247 1281 1305 ornarent
1303 1239 1440 1303 carmina

160 1360 214 1423 vel
230 1359 363 1422 illorum
378 1366 484 1423 arbem
500 1368 535 1424 et
551 1361 683 1447 egregie
699 1362 789 1426 facta
805 1363 958 1426 laudibus
975 1361 1210 1425 celebrarent.²
1245 1360 1340 1422 Quot
1361 1358 1442 1422 enim

162 1478 306 1542 carmina
330 1480 391 1542 sub
416 1480 568 1559 Homeri,
596 1488 677 1564 quot
701 1483 762 1545 sub
787 1481 925 1545 Hesiodi
948 1480 1080 1546 nomine
1106 1480 1195 1544 edita
1219 1480 1315 1542 sunt!
1364 1477 1444 1540 Cum

161 1597 264 1681 igitur
281 1599 400 1662 veteris
419 1600 543 1682 Orphei
565 1600 653 1664 fama
674 1600 738 1663 iam
759 1601 884 1665 dudum
907 1623 964 1685 per
980 1600 1152 1665 (Praeciam
1174 1597 1443 1683 percrebruisset,

162 1716 260 1780 facile
276 1717 347 1780 fieri
361 1718 483 1802 potuit,
500 1726 539 1781 ut
553 1727 654 1803 poeta
668 1720 702 1782 in
718 1742 842 1783 morem
857 1719 995 1784 Hesiodi
1010 1718 1236 1803 Theogoniam
1252 1717 1443 1782 conditurus

163 1843 197 1899 et
219 1858 273 1899 eas
293 1838 485 1921 praesertim
507 1840 584 1902 deas
591 1888 601 1917 ,
625 1861 706 1922 quae
728 1839 883 1903 Eleusine
904 1840 1113 1916 colebantur,
1136 1838 1188 1922 pie
1211 1839 1443 1901 observaturus

162 1956 252 2020 illius
277 1957 408 2021 nomine
434 1959 527 2040 quasi
551 1961 703 2043 symbolo
727 1966 887 2023 uteretur.
934 1959 1017 2033 Quis
1042 1958 1129 2022 enim
1154 1957 1272 2021 melius
1301 1957 1343 2021 de
1368 1958 1444 2019 Pro-

163 2077 292 2161 serpina
308 2084 343 2140 et
357 2079 455 2141 rebus
471 2077 584 2142 inferis
600 2078 720 2142 referre
736 2080 861 2162 potuit,
883 2102 980 2162 quam
995 2079 1053 2142 ille
1069 2085 1177 2156 vates,
1200 2076 1256 2160 qui
1272 2076 1306 2139 in
1323 2076 1443 2138 Orcum

163 2197 365 2260 descendens
382 2204 482 2261 cantu
499 2199 612 2262 mulsit
628 2199 768 2281 rigidam
783 2199 863 2262 deae
879 2199 1045 2264 mentem?

248 2317 367 2399 Itaque
394 2316 539 2399 Orphica
562 2317 754 2400 Theogonis
779 2318 871 2400 quasi
894 2318 929 2381 in
954 2317 1065 2381 limine
1093 2316 1184 2380 illius
1214 2315 1286 2379 aevi
1315 2313 1443 2379 obscuri

164 2434 294 2518 quidem
310 2437 370 2511 sed
386 2458 514 2500 summa
529 2437 745 2500 admiratione
760 2437 854 2520 digni
868 2437 1000 2501 videtur
1015 2437 1124 2522 posita
1139 2457 1229 2513 esse,
1247 2458 1312 2518 quo
1330 2433 1444 2499 Graeci

163 2554 288 2638 priscos
305 2557 465 2639 majorum
480 2578 587 2619 mores
604 2565 638 2620 et
656 2556 849 2639 religionem
871 2563 1083 2621 mutaverunt
1104 2566 1138 2620 et
1159 2556 1201 2620 ad
1221 2578 1326 2619 novas
1347 2562 1440 2631 arbee,

163 2673 368 2759 disciplinae,
393 2677 643 2759 superstitiones
660 2676 764 2741 delati
779 2684 867 2739 sunt.
900 2678 977 2740 Non
997 2676 1114 2739 inutile
1135 2675 1237 2759 igitur
1258 2675 1353 2755 duxi,
1378 2675 1441 2757 ejus

163 2793 307 2858 indolem
324 2803 423 2879 atque
440 2796 601 2880 originem
617 2797 723 2860 denuo
741 2794 937 2860 examinare.

232 3035 301 3086 ¹01.
321 3039 455 3098 Preller,
474 3041 547 3089 Dem.
568 3056 594 3088 ιι.
613 3041 687 3089 Pers.
708 3043 749 3087 66.

231 3121 378 3174 ²Portasse
402 3125 561 3189 Pherecydes
586 3125 751 3174 Atheniensis
779 3124 805 3172 in
828 3124 916 3174 Attica
944 3141 991 3175 sua
1018 3125 1198 3188 archaeologiu
1221 3119 1387 3196 Αὐτόχθοιες
1408 3123 1439 3170 in·

164 3210 259 3272 scripta
283 3211 314 3258 do
337 3211 387 3258 hoc
413 3209 516 3273 Orpheo
540 3213 698 3260 mentionem
721 3212 829 3271 fecerat,
855 3212 887 3261 cf.
908 3210 1000 3259 Suidas
1024 3230 1045 3262 s.
1064 3229 1095 3285 c.¹
1110 3206 1272 3282 Φερεκύδης·
1298 3206 1439 3281 Φερεκύδης

161 3288 303 3363 Ἀθηναῖοι
326 3295 495 3367 πρεσβύτερος
518 3301 562 3346 τοῦ
588 3293 677 3367 Συρίου
702 3297 730 3360 (l
749 3294 854 3357 Stura,
871 3300 973 3362 frepus.
997 3299 1103 3348 Pheres.
1124 3315 1154 3362 ρ.
1181 3296 1239 3359 62),
1266 3295 1295 3347 ὃν
1319 3295 1392 3365 λόγος
1412 3289 1439 3342 τὰ
1483 3344 1485 3355 ,

161 3373 278 3451 Ὀρφέως
291 3384 447 3447 συναγαγεῖν.
468 3379 580 3452 ἔγραψεν
592 3377 768 3452 Αὐτόχθοιοις.
788 3379 840 3432 ἔστι
856 3380 885 3435 δὲ
902 3387 949 3450 τῆς
960 3377 1081 3451 Ἀττικῆς
1100 3379 1280 3453 ἀρχαιολογίας
1298 3381 1325 3433 ἐν
1344 3377 1439 3450 βιβλίοις
1483 3400 1485 3407 ·

164 3462 236 3515 δέκα.
274 3463 436 3527 Quamquam
454 3467 570 3514 nonnulli
592 3468 638 3514 viri
657 3468 726 3515 docti
744 3467 781 3514 ibi
806 3481 852 3529 pro
871 3467 1025 3530 Pherecydis
1049 3468 1153 3517 nomine
1171 3466 1352 3516 Pherecratem
1375 3479 1439 3529 repo·

109 3578 111 3581 ·
162 3549 276 3598 nendum
294 3565 350 3598 esse
369 3561 524 3600 censuerunt
543 3551 660 3616 (Stura,
680 3554 699 3602 l.
720 3571 741 3602 c.
757 3570 787 3617 ρ.
803 3552 861 3615 69).
881 3600 882 3603 ,

231 3632 242 3662 ³
261 3633 412 3698 Cujusmodi
431 3651 533 3685 carmen
551 3638 600 3687 fuit
618 3637 725 3687 Hesiodi
744 3630 926 3703 Melupuohia.
