<?xml version="1.0" encoding="UTF-8"?>
<!DOCTYPE html PUBLIC "-//W3C//DTD XHTML 1.0 Transitional//EN"
    "http://www.w3.org/TR/xhtml1/DTD/xhtml1-transitional.dtd">
<html xmlns="http://www.w3.org/1999/xhtml" xml:lang="en" lang="en">
 <head>
  <title>
</title>
<meta http-equiv="Content-Type" content="text/html;charset=utf-8" />
  <meta name='ocr-system' content='tesseract 3.04.00' />
  <meta name='ocr-capabilities' content='ocr_page ocr_carea ocr_par ocr_line ocrx_word'/>
</head>
<body>
  <div class='ocr_page' id='page_1' title='image "./deveterisorphic00schugoog_0086.png"; bbox 0 0 2986 4800; ppageno 0'>
   <div class='ocr_carea' id='block_1_1' title="bbox 679 218 718 281">
    <p class='ocr_par' dir='ltr' id='par_1_1' title="bbox 679 218 718 281">
     <span class='ocr_line' id='line_1_1' title="bbox 679 218 718 281; baseline 0 0"><span class='ocrx_word' id='word_1_1' title='bbox 679 218 718 281; x_wconf 79' lang='lat'>77</span> 
     </span>
    </p>
   </div>
   <div class='ocr_carea' id='block_1_2' title="bbox 53 416 1351 750">
    <p class='ocr_par' dir='ltr' id='par_1_2' title="bbox 53 416 1351 750">
     <span class='ocr_line' id='line_1_2' title="bbox 53 416 1351 509; baseline 0.012 -30"><span class='ocrx_word' id='word_1_2' title='bbox 53 416 196 495; x_wconf 79' lang='lat' dir='ltr'>inculti,</span> <span class='ocrx_word' id='word_1_3' title='bbox 223 417 343 500; x_wconf 84' lang='lat' dir='ltr'>quibus</span> <span class='ocrx_word' id='word_1_4' title='bbox 367 418 501 482; x_wconf 83' lang='lat' dir='ltr'>nomina</span> <span class='ocrx_word' id='word_1_5' title='bbox 524 419 615 484; x_wconf 82' lang='lat' dir='ltr'>fuere</span> <span class='ocrx_word' id='word_1_6' title='bbox 639 429 795 499; x_wconf 74' lang='grc' dir='ltr'>Δυσαύλου,</span> <span class='ocrx_word' id='word_1_7' title='bbox 819 429 1019 509; x_wconf 77' lang='grc' dir='ltr'>Τριπτολέμου,</span> <span class='ocrx_word' id='word_1_8' title='bbox 1043 430 1213 508; x_wconf 81' lang='grc' dir='ltr'>Εύβουλέιυς.</span> <span class='ocrx_word' id='word_1_9' title='bbox 1253 426 1351 489; x_wconf 61' lang='grc' dir='ltr'>ΠΧΟΥ</span> 
     </span>
     <span class='ocr_line' id='line_1_3' title="bbox 53 534 1344 624; baseline 0.008 -26"><span class='ocrx_word' id='word_1_10' title='bbox 53 534 218 619; x_wconf 86' lang='lat' dir='ltr'>Dysaulis</span> <span class='ocrx_word' id='word_1_11' title='bbox 233 536 365 601; x_wconf 83' lang='lat' dir='ltr'>videtur</span> <span class='ocrx_word' id='word_1_12' title='bbox 379 535 481 602; x_wconf 88' lang='lat' dir='ltr'>fuisse</span> <span class='ocrx_word' id='word_1_13' title='bbox 497 541 625 624; x_wconf 79' lang='grc' dir='ltr'>Βαυ-βώ,ι</span> <span class='ocrx_word' id='word_1_14' title='bbox 643 539 732 602; x_wconf 89' lang='lat' dir='ltr'>filius</span> <span class='ocrx_word' id='word_1_15' title='bbox 747 540 981 623; x_wconf 76' lang='lat' dir='ltr'><strong>Triptolemus.</strong></span> <span class='ocrx_word' id='word_1_16' title='bbox 1012 543 1188 607; x_wconf 87' lang='lat' dir='ltr'>Praeterea</span> <span class='ocrx_word' id='word_1_17' title='bbox 1203 544 1344 608; x_wconf 84' lang='lat' dir='ltr'>fortasse</span> 
     </span>
     <span class='ocr_line' id='line_1_4' title="bbox 56 655 1349 750; baseline 0.012 -33"><span class='ocrx_word' id='word_1_18' title='bbox 56 655 160 718; x_wconf 85' lang='lat' dir='ltr'>etiam</span> <span class='ocrx_word' id='word_1_19' title='bbox 176 656 264 720; x_wconf 89' lang='lat' dir='ltr'>filiae</span> <span class='ocrx_word' id='word_1_20' title='bbox 280 655 320 720; x_wconf 88' lang='lat' dir='ltr'>iis</span> <span class='ocrx_word' id='word_1_21' title='bbox 336 665 430 721; x_wconf 88' lang='lat' dir='ltr'>erant</span> <span class='ocrx_word' id='word_1_22' title='bbox 446 658 675 743; x_wconf 85' lang='lat' dir='ltr'>(Harpocratio</span> <span class='ocrx_word' id='word_1_23' title='bbox 697 680 730 741; x_wconf 92' lang='lat' dir='ltr'>p.</span> <span class='ocrx_word' id='word_1_24' title='bbox 748 663 806 723; x_wconf 85' lang='lat'>90:</span> <span class='ocrx_word' id='word_1_25' title='bbox 829 667 968 746; x_wconf 77' lang='grc' dir='ltr'>Δυσαύλην</span> <span class='ocrx_word' id='word_1_26' title='bbox 988 699 1029 709; x_wconf 87' lang='grc'>-</span> <span class='ocrx_word' id='word_1_27' title='bbox 1051 672 1240 749; x_wconf 78' lang='grc' dir='ltr'>συνοικήσαντα</span> <span class='ocrx_word' id='word_1_28' title='bbox 1260 671 1349 750; x_wconf 84' lang='grc' dir='ltr'>Βαβαῖ</span> 
     </span>
    </p>
   </div>
   <div class='ocr_carea' id='block_1_3' title="bbox 55 777 1346 988">
    <p class='ocr_par' dir='ltr' id='par_1_3' title="bbox 55 777 1346 988">
     <span class='ocr_line' id='line_1_5' title="bbox 55 777 1346 866; baseline 0.005 -23"><span class='ocrx_word' id='word_1_29' title='bbox 55 788 131 866; x_wconf 83' lang='grc' dir='ltr'>σχεῖν</span> <span class='ocrx_word' id='word_1_30' title='bbox 148 787 248 850; x_wconf 80' lang='grc' dir='ltr'>παῖδας</span> <span class='ocrx_word' id='word_1_31' title='bbox 262 784 422 864; x_wconf 82' lang='grc' dir='ltr'>Πριοιονύην</span> <span class='ocrx_word' id='word_1_32' title='bbox 438 786 484 846; x_wconf 80' lang='grc' dir='ltr'>καὶ</span> <span class='ocrx_word' id='word_1_33' title='bbox 497 780 593 861; x_wconf 78' lang='grc' dir='ltr'>Νύσαν)</span> <span class='ocrx_word' id='word_1_34' title='bbox 615 799 744 841; x_wconf 78' lang='lat' dir='ltr'>necnon</span> <span class='ocrx_word' id='word_1_35' title='bbox 764 777 873 842; x_wconf 73' lang='lat' dir='ltr'>infans</span> <span class='ocrx_word' id='word_1_36' title='bbox 894 784 1040 866; x_wconf 79' lang='grc' dir='ltr'>τηλύγετος</span> <span class='ocrx_word' id='word_1_37' title='bbox 1061 781 1116 864; x_wconf 83' lang='lat' dir='ltr'><strong>(0f·</strong></span> <span class='ocrx_word' id='word_1_38' title='bbox 1134 781 1177 845; x_wconf 84' lang='lat' dir='ltr'>H·</span> <span class='ocrx_word' id='word_1_39' title='bbox 1195 783 1294 846; x_wconf 84' lang='lat' dir='ltr'>Hom·</span> <span class='ocrx_word' id='word_1_40' title='bbox 1311 781 1346 846; x_wconf 75' lang='lat' dir='ltr'>in</span> 
     </span>
     <span class='ocr_line' id='line_1_6' title="bbox 58 896 1346 988; baseline 0.005 -31"><span class='ocrx_word' id='word_1_41' title='bbox 58 896 132 959; x_wconf 88' lang='lat' dir='ltr'>Cer.</span> <span class='ocrx_word' id='word_1_42' title='bbox 158 919 192 959; x_wconf 88' lang='lat' dir='ltr'>v.</span> <span class='ocrx_word' id='word_1_43' title='bbox 217 899 280 960; x_wconf 75' lang='lat'>164</span> <span class='ocrx_word' id='word_1_44' title='bbox 303 899 377 978; x_wconf 85' lang='lat' dir='ltr'>sq.),</span> <span class='ocrx_word' id='word_1_45' title='bbox 404 897 457 960; x_wconf 89' lang='lat' dir='ltr'>oui</span> <span class='ocrx_word' id='word_1_46' title='bbox 481 902 697 960; x_wconf 81' lang='lat' dir='ltr'>nomencrat</span> <span class='ocrx_word' id='word_1_47' title='bbox 718 898 851 988; x_wconf 73' lang='grc' dir='ltr'>Ἰάκχῳ.’</span> <span class='ocrx_word' id='word_1_48' title='bbox 897 899 997 962; x_wconf 91' lang='lat' dir='ltr'>Ceres</span> <span class='ocrx_word' id='word_1_49' title='bbox 1022 899 1135 982; x_wconf 86' lang='lat' dir='ltr'>igitur,</span> <span class='ocrx_word' id='word_1_50' title='bbox 1162 899 1302 964; x_wconf 82' lang='lat' dir='ltr'>fortasse</span> <span class='ocrx_word' id='word_1_51' title='bbox 1326 924 1346 964; x_wconf 86' lang='lat' dir='ltr'>a</span> 
     </span>
    </p>
   </div>
   <div class='ocr_carea' id='block_1_4' title="bbox 58 1048 1410 4369">
    <p class='ocr_par' dir='ltr' id='par_1_4' title="bbox 58 1048 1410 2314">
     <span class='ocr_line' id='line_1_7' title="bbox 126 1048 1346 1121; baseline 0.004 -21"><span class='ocrx_word' id='word_1_52' title='bbox 126 1048 249 1102; x_wconf 84' lang='lat' dir='ltr'>lBaubo</span> <span class='ocrx_word' id='word_1_53' title='bbox 271 1061 297 1102; x_wconf 89' lang='lat' dir='ltr'>et</span> <span class='ocrx_word' id='word_1_54' title='bbox 318 1055 445 1117; x_wconf 89' lang='lat' dir='ltr'>Dysaules</span> <span class='ocrx_word' id='word_1_55' title='bbox 469 1054 536 1116; x_wconf 89' lang='lat' dir='ltr'>apud</span> <span class='ocrx_word' id='word_1_56' title='bbox 561 1051 721 1102; x_wconf 78' lang='lat' dir='ltr'>Clementem</span> <span class='ocrx_word' id='word_1_57' title='bbox 743 1054 785 1102; x_wconf 84' lang='lat' dir='ltr'>Al.</span> <span class='ocrx_word' id='word_1_58' title='bbox 812 1054 957 1120; x_wconf 70' lang='lat' dir='ltr'>(Prompl.</span> <span class='ocrx_word' id='word_1_59' title='bbox 977 1057 1017 1116; x_wconf 90' lang='lat' dir='ltr'>II,</span> <span class='ocrx_word' id='word_1_60' title='bbox 1037 1062 1069 1105; x_wconf 94' lang='grc'>20</span> <span class='ocrx_word' id='word_1_61' title='bbox 1085 1075 1113 1121; x_wconf 83' lang='lat' dir='ltr'>p.</span> <span class='ocrx_word' id='word_1_62' title='bbox 1136 1059 1165 1105; x_wconf 85' lang='lat'>17</span> <span class='ocrx_word' id='word_1_63' title='bbox 1184 1056 1278 1120; x_wconf 58' lang='lat' dir='ltr'>Pom),</span> <span class='ocrx_word' id='word_1_64' title='bbox 1304 1057 1346 1106; x_wconf 90' lang='lat' dir='ltr'>cui</span> 
     </span>
     <span class='ocr_line' id='line_1_8' title="bbox 58 1137 1346 1212; baseline 0.007 -26"><span class='ocrx_word' id='word_1_65' title='bbox 58 1137 171 1186; x_wconf 82' lang='lat' dir='ltr'><strong>maxime</strong></span> <span class='ocrx_word' id='word_1_66' title='bbox 197 1138 319 1186; x_wconf 87' lang='lat' dir='ltr'>debemus</span> <span class='ocrx_word' id='word_1_67' title='bbox 342 1139 408 1187; x_wconf 90' lang='lat' dir='ltr'>hauc</span> <span class='ocrx_word' id='word_1_68' title='bbox 432 1141 614 1199; x_wconf 80' lang='lat' dir='ltr'>narrationem,</span> <span class='ocrx_word' id='word_1_69' title='bbox 638 1140 825 1202; x_wconf 90' lang='lat' dir='ltr'>primumcum</span> <span class='ocrx_word' id='word_1_70' title='bbox 845 1141 1004 1204; x_wconf 80' lang='lat' dir='ltr'>Triptolemo</span> <span class='ocrx_word' id='word_1_71' title='bbox 1028 1142 1218 1206; x_wconf 86' lang='lat' dir='ltr'>conjunguntur</span> <span class='ocrx_word' id='word_1_72' title='bbox 1236 1138 1346 1212; x_wconf 81' lang='grc' dir='ltr'>(Βαυβιλι</span> 
     </span>
     <span class='ocr_line' id='line_1_9' title="bbox 59 1216 1348 1295; baseline 0.005 -23"><span class='ocrx_word' id='word_1_73' title='bbox 59 1221 100 1273; x_wconf 86' lang='grc' dir='ltr'>καὶ</span> <span class='ocrx_word' id='word_1_74' title='bbox 118 1216 258 1291; x_wconf 80' lang='grc' dir='ltr'>Δυσαύλης</span> <span class='ocrx_word' id='word_1_75' title='bbox 275 1223 319 1274; x_wconf 86' lang='grc' dir='ltr'>καὶ</span> <span class='ocrx_word' id='word_1_76' title='bbox 337 1219 531 1295; x_wconf 77' lang='grc' dir='ltr'>Τριπτόλεμος),</span> <span class='ocrx_word' id='word_1_77' title='bbox 558 1225 649 1273; x_wconf 90' lang='lat' dir='ltr'>deinde</span> <span class='ocrx_word' id='word_1_78' title='bbox 672 1225 764 1274; x_wconf 90' lang='lat' dir='ltr'>ceteris</span> <span class='ocrx_word' id='word_1_79' title='bbox 788 1226 888 1274; x_wconf 90' lang='lat' dir='ltr'>duobus</span> <span class='ocrx_word' id='word_1_80' title='bbox 911 1236 1075 1289; x_wconf 90' lang='lat' dir='ltr'>opponuntur</span> <span class='ocrx_word' id='word_1_81' title='bbox 1094 1226 1145 1290; x_wconf 83' lang='grc' dir='ltr'>(ἔτι</span> <span class='ocrx_word' id='word_1_82' title='bbox 1163 1227 1191 1278; x_wconf 81' lang='grc' dir='ltr'>δὲ</span> <span class='ocrx_word' id='word_1_83' title='bbox 1210 1224 1348 1295; x_wconf 73' lang='grc' dir='ltr'>Εὔμολπός</span> 
     </span>
     <span class='ocr_line' id='line_1_10' title="bbox 60 1303 1347 1376; baseline 0.001 -16"><span class='ocrx_word' id='word_1_84' title='bbox 60 1326 84 1360; x_wconf 88' lang='grc' dir='ltr'>τε</span> <span class='ocrx_word' id='word_1_85' title='bbox 102 1307 148 1359; x_wconf 79' lang='grc' dir='ltr'>καὶ</span> <span class='ocrx_word' id='word_1_86' title='bbox 172 1303 342 1376; x_wconf 80' lang='grc' dir='ltr'>Εύβουλεύς).</span> <span class='ocrx_word' id='word_1_87' title='bbox 380 1306 474 1358; x_wconf 86' lang='lat' dir='ltr'>Celeus</span> <span class='ocrx_word' id='word_1_88' title='bbox 496 1325 529 1359; x_wconf 92' lang='lat' dir='ltr'>ne</span> <span class='ocrx_word' id='word_1_89' title='bbox 553 1310 700 1358; x_wconf 88' lang='lat' dir='ltr'>nominatur</span> <span class='ocrx_word' id='word_1_90' title='bbox 722 1310 834 1372; x_wconf 88' lang='lat' dir='ltr'>quidem.</span> <span class='ocrx_word' id='word_1_91' title='bbox 870 1311 951 1360; x_wconf 87' lang='lat' dir='ltr'>Porro</span> <span class='ocrx_word' id='word_1_92' title='bbox 974 1312 1077 1360; x_wconf 90' lang='lat' dir='ltr'>nonnisi</span> <span class='ocrx_word' id='word_1_93' title='bbox 1095 1312 1275 1375; x_wconf 84' lang='lat' dir='ltr'>Triptolemus,</span> <span class='ocrx_word' id='word_1_94' title='bbox 1296 1313 1347 1361; x_wconf 90' lang='lat' dir='ltr'>Eu·</span> 
     </span>
     <span class='ocr_line' id='line_1_11' title="bbox 60 1395 1346 1461; baseline 0.004 -19"><span class='ocrx_word' id='word_1_95' title='bbox 60 1395 168 1458; x_wconf 89' lang='lat' dir='ltr'>molpus,</span> <span class='ocrx_word' id='word_1_96' title='bbox 197 1395 329 1444; x_wconf 78' lang='lat' dir='ltr'>Eubuleus</span> <span class='ocrx_word' id='word_1_97' title='bbox 353 1404 469 1458; x_wconf 87' lang='lat' dir='ltr'>pastores</span> <span class='ocrx_word' id='word_1_98' title='bbox 492 1397 618 1445; x_wconf 88' lang='lat' dir='ltr'>dicuntur.</span> <span class='ocrx_word' id='word_1_99' title='bbox 654 1395 683 1443; x_wconf 89' lang='lat' dir='ltr'>Id</span> <span class='ocrx_word' id='word_1_100' title='bbox 708 1397 777 1457; x_wconf 90' lang='lat' dir='ltr'>quod</span> <span class='ocrx_word' id='word_1_101' title='bbox 803 1397 840 1444; x_wconf 88' lang='lat' dir='ltr'>ita</span> <span class='ocrx_word' id='word_1_102' title='bbox 866 1396 991 1459; x_wconf 85' lang='lat' dir='ltr'>intelligo,</span> <span class='ocrx_word' id='word_1_103' title='bbox 1018 1405 1047 1445; x_wconf 92' lang='lat' dir='ltr'>ut</span> <span class='ocrx_word' id='word_1_104' title='bbox 1070 1397 1219 1460; x_wconf 86' lang='lat' dir='ltr'>Dysanlem,</span> <span class='ocrx_word' id='word_1_105' title='bbox 1247 1405 1346 1461; x_wconf 88' lang='lat' dir='ltr'>patrem</span> 
     </span>
     <span class='ocr_line' id='line_1_12' title="bbox 61 1480 1347 1545; baseline 0.002 -17"><span class='ocrx_word' id='word_1_106' title='bbox 61 1480 222 1544; x_wconf 81' lang='lat' dir='ltr'>Triptolemi,</span> <span class='ocrx_word' id='word_1_107' title='bbox 241 1488 345 1543; x_wconf 88' lang='lat' dir='ltr'>propter</span> <span class='ocrx_word' id='word_1_108' title='bbox 363 1489 521 1530; x_wconf 89' lang='lat' dir='ltr'>senectutem</span> <span class='ocrx_word' id='word_1_109' title='bbox 539 1480 592 1528; x_wconf 88' lang='lat' dir='ltr'>lilio</span> <span class='ocrx_word' id='word_1_110' title='bbox 610 1494 714 1543; x_wconf 83' lang='lat' dir='ltr'>gregem</span> <span class='ocrx_word' id='word_1_111' title='bbox 732 1481 890 1542; x_wconf 88' lang='lat' dir='ltr'>pascendum</span> <span class='ocrx_word' id='word_1_112' title='bbox 909 1481 1067 1530; x_wconf 86' lang='lat' dir='ltr'>commisisse</span> <span class='ocrx_word' id='word_1_113' title='bbox 1086 1483 1210 1545; x_wconf 87' lang='lat' dir='ltr'>suspicer,</span> <span class='ocrx_word' id='word_1_114' title='bbox 1229 1483 1262 1531; x_wconf 84' lang='lat' dir='ltr'>cf.</span> <span class='ocrx_word' id='word_1_115' title='bbox 1282 1483 1347 1531; x_wconf 84' lang='lat' dir='ltr'>Har-</span> 
     </span>
     <span class='ocr_line' id='line_1_13' title="bbox 62 1559 1347 1639; baseline 0.004 -26"><span class='ocrx_word' id='word_1_116' title='bbox 62 1566 215 1628; x_wconf 84' lang='lat' dir='ltr'>pocrationis</span> <span class='ocrx_word' id='word_1_117' title='bbox 234 1566 406 1615; x_wconf 82' lang='lat' dir='ltr'>narrationem</span> <span class='ocrx_word' id='word_1_118' title='bbox 425 1567 468 1631; x_wconf 86' lang='lat' dir='ltr'>(p.</span> <span class='ocrx_word' id='word_1_119' title='bbox 489 1571 530 1625; x_wconf 95' lang='grc'>90,</span> <span class='ocrx_word' id='word_1_120' title='bbox 550 1567 612 1630; x_wconf 69' lang='lat' dir='ltr'>Agl.</span> <span class='ocrx_word' id='word_1_121' title='bbox 629 1583 658 1630; x_wconf 83' lang='grc' dir='ltr'>ρ.</span> <span class='ocrx_word' id='word_1_122' title='bbox 677 1565 752 1627; x_wconf 79' lang='grc' dir='ltr'>823)ι</span> <span class='ocrx_word' id='word_1_123' title='bbox 770 1559 966 1635; x_wconf 75' lang='grc' dir='ltr'>Ἀσκληπιάδης</span> <span class='ocrx_word' id='word_1_124' title='bbox 983 1566 1026 1617; x_wconf 87' lang='grc' dir='ltr'>τὸν</span> <span class='ocrx_word' id='word_1_125' title='bbox 1044 1561 1180 1636; x_wconf 77' lang='grc' dir='ltr'>Δυσαύλην</span> <span class='ocrx_word' id='word_1_126' title='bbox 1198 1564 1347 1639; x_wconf 75' lang='grc' dir='ltr'>αὐτόχθονα</span> 
     </span>
     <span class='ocr_line' id='line_1_14' title="bbox 65 1646 1347 1721; baseline 0.003 -21"><span class='ocrx_word' id='word_1_127' title='bbox 65 1648 123 1701; x_wconf 77' lang='grc' dir='ltr'>εἶναί</span> <span class='ocrx_word' id='word_1_128' title='bbox 146 1667 221 1721; x_wconf 86' lang='grc' dir='ltr'>φησι,</span> <span class='ocrx_word' id='word_1_129' title='bbox 247 1651 430 1719; x_wconf 67' lang='grc' dir='ltr'>συνοικήσαντα</span> <span class='ocrx_word' id='word_1_130' title='bbox 454 1650 483 1702; x_wconf 79' lang='grc' dir='ltr'>δὲ</span> <span class='ocrx_word' id='word_1_131' title='bbox 507 1647 608 1720; x_wconf 78' lang='grc' dir='ltr'>Βαυβυῖ</span> <span class='ocrx_word' id='word_1_132' title='bbox 632 1655 705 1721; x_wconf 82' lang='grc' dir='ltr'>σχεῖν</span> <span class='ocrx_word' id='word_1_133' title='bbox 727 1649 822 1706; x_wconf 70' lang='grc' dir='ltr'>παῖδας</span> <span class='ocrx_word' id='word_1_134' title='bbox 841 1646 995 1721; x_wconf 84' lang='grc' dir='ltr'>Πρωτονύην</span> <span class='ocrx_word' id='word_1_135' title='bbox 1013 1651 1057 1703; x_wconf 84' lang='grc' dir='ltr'>καὶ</span> <span class='ocrx_word' id='word_1_136' title='bbox 1077 1649 1171 1714; x_wconf 82' lang='grc' dir='ltr'>Νίσαν;</span> <span class='ocrx_word' id='word_1_137' title='bbox 1201 1656 1347 1704; x_wconf 78' lang='lat' dir='ltr'>Pausanias</span> 
     </span>
     <span class='ocr_line' id='line_1_15' title="bbox 63 1731 1345 1810; baseline 0.003 -25"><span class='ocrx_word' id='word_1_138' title='bbox 63 1739 82 1796; x_wconf 90' lang='grc' dir='ltr'>Ι,</span> <span class='ocrx_word' id='word_1_139' title='bbox 102 1743 141 1799; x_wconf 80' lang='grc'>14,</span> <span class='ocrx_word' id='word_1_140' title='bbox 163 1742 194 1788; x_wconf 76' lang='grc' dir='ltr'>2σ</span> <span class='ocrx_word' id='word_1_141' title='bbox 219 1734 269 1806; x_wconf 78' lang='grc' dir='ltr'>ἔπη</span> <span class='ocrx_word' id='word_1_142' title='bbox 294 1731 383 1806; x_wconf 78' lang='grc' dir='ltr'>ᾄδεται</span> <span class='ocrx_word' id='word_1_143' title='bbox 404 1731 521 1807; x_wconf 79' lang='grc' dir='ltr'>Ὀρφέως</span> <span class='ocrx_word' id='word_1_144' title='bbox 539 1766 570 1772; x_wconf 99' lang='grc'>-</span> <span class='ocrx_word' id='word_1_145' title='bbox 591 1733 720 1803; x_wconf 80' lang='grc' dir='ltr'>Εὐβουλεῖ</span> <span class='ocrx_word' id='word_1_146' title='bbox 741 1736 786 1787; x_wconf 86' lang='grc' dir='ltr'>καὶ</span> <span class='ocrx_word' id='word_1_147' title='bbox 805 1731 973 1808; x_wconf 81' lang='grc' dir='ltr'>Τριπτολέμῳ</span> <span class='ocrx_word' id='word_1_148' title='bbox 992 1732 1127 1809; x_wconf 80' lang='grc' dir='ltr'>Δυσαύλην</span> <span class='ocrx_word' id='word_1_149' title='bbox 1150 1739 1250 1810; x_wconf 61' lang='grc' dir='ltr'>πατέρα</span> <span class='ocrx_word' id='word_1_150' title='bbox 1272 1737 1345 1800; x_wconf 79' lang='grc' dir='ltr'>εἶναι,</span> 
     </span>
     <span class='ocr_line' id='line_1_16' title="bbox 62 1818 1346 1897; baseline 0.004 -25"><span class='ocrx_word' id='word_1_151' title='bbox 62 1821 186 1892; x_wconf 88' lang='grc' dir='ltr'>μηνύσασι</span> <span class='ocrx_word' id='word_1_152' title='bbox 205 1821 234 1874; x_wconf 79' lang='grc' dir='ltr'>δέ</span> <span class='ocrx_word' id='word_1_153' title='bbox 253 1840 318 1893; x_wconf 83' lang='grc' dir='ltr'>σφισι</span> <span class='ocrx_word' id='word_1_154' title='bbox 336 1822 458 1894; x_wconf 75' lang='grc' dir='ltr'>περὶτῆς</span> <span class='ocrx_word' id='word_1_155' title='bbox 480 1821 570 1878; x_wconf 77' lang='grc' dir='ltr'>παιδὸς</span> <span class='ocrx_word' id='word_1_156' title='bbox 592 1819 698 1892; x_wconf 57' lang='lat' dir='ltr'>bobium</span> <span class='ocrx_word' id='word_1_157' title='bbox 721 1820 791 1893; x_wconf 83' lang='grc' dir='ltr'>παρὰ</span> <span class='ocrx_word' id='word_1_158' title='bbox 808 1828 856 1891; x_wconf 79' lang='grc' dir='ltr'>τῆς</span> <span class='ocrx_word' id='word_1_159' title='bbox 873 1818 1011 1894; x_wconf 87' lang='grc' dir='ltr'>Δήμητρος</span> <span class='ocrx_word' id='word_1_160' title='bbox 1032 1830 1133 1896; x_wconf 83' lang='grc' dir='ltr'>σπεῖραι</span> <span class='ocrx_word' id='word_1_161' title='bbox 1149 1823 1208 1881; x_wconf 78' lang='grc' dir='ltr'>τοὺς</span> <span class='ocrx_word' id='word_1_162' title='bbox 1225 1824 1346 1897; x_wconf 83' lang='grc' dir='ltr'>καρπούς.</span> 
     </span>
     <span class='ocr_line' id='line_1_17' title="bbox 61 1907 1345 1975; baseline 0.002 -18"><span class='ocrx_word' id='word_1_163' title='bbox 61 1908 121 1957; x_wconf 83' lang='lat' dir='ltr'>Item</span> <span class='ocrx_word' id='word_1_164' title='bbox 134 1908 245 1957; x_wconf 84' lang='lat' dir='ltr'>Phliasii</span> <span class='ocrx_word' id='word_1_165' title='bbox 264 1908 392 1967; x_wconf 85' lang='lat' dir='ltr'>dixerunt,</span> <span class='ocrx_word' id='word_1_166' title='bbox 410 1908 532 1971; x_wconf 85' lang='lat' dir='ltr'>mysteria</span> <span class='ocrx_word' id='word_1_167' title='bbox 543 1907 676 1956; x_wconf 82' lang='lat' dir='ltr'>Eleusinia</span> <span class='ocrx_word' id='word_1_168' title='bbox 695 1909 836 1971; x_wconf 87' lang='lat' dir='ltr'>aDysaule</span> <span class='ocrx_word' id='word_1_169' title='bbox 856 1909 972 1957; x_wconf 89' lang='lat' dir='ltr'>instituta</span> <span class='ocrx_word' id='word_1_170' title='bbox 990 1925 1045 1959; x_wconf 90' lang='lat' dir='ltr'>esse</span> <span class='ocrx_word' id='word_1_171' title='bbox 1059 1910 1184 1974; x_wconf 74' lang='lat' dir='ltr'>(Poatacm.</span> <span class='ocrx_word' id='word_1_172' title='bbox 1199 1911 1239 1970; x_wconf 90' lang='grc' dir='ltr'>ΙΙ,</span> <span class='ocrx_word' id='word_1_173' title='bbox 1255 1917 1294 1960; x_wconf 78' lang='lat' dir='ltr'>lt.</span> <span class='ocrx_word' id='word_1_174' title='bbox 1308 1912 1345 1975; x_wconf 82' lang='lat'>2).</span> 
     </span>
     <span class='ocr_line' id='line_1_18' title="bbox 61 1992 1410 2058; baseline 0.002 -15"><span class='ocrx_word' id='word_1_175' title='bbox 61 1993 148 2057; x_wconf 79' lang='lat' dir='ltr'>Itaque</span> <span class='ocrx_word' id='word_1_176' title='bbox 174 2009 213 2056; x_wconf 84' lang='lat' dir='ltr'>ee,</span> <span class='ocrx_word' id='word_1_177' title='bbox 239 2009 306 2056; x_wconf 87' lang='lat' dir='ltr'>quae</span> <span class='ocrx_word' id='word_1_178' title='bbox 330 1992 469 2056; x_wconf 84' lang='lat' dir='ltr'>Gregorius</span> <span class='ocrx_word' id='word_1_179' title='bbox 491 1993 554 2041; x_wconf 79' lang='lat' dir='ltr'>Nau.</span> <span class='ocrx_word' id='word_1_180' title='bbox 580 1994 654 2057; x_wconf 75' lang='lat' dir='ltr'>(Apl.</span> <span class='ocrx_word' id='word_1_181' title='bbox 670 2011 699 2058; x_wconf 90' lang='lat' dir='ltr'>p.</span> <span class='ocrx_word' id='word_1_182' title='bbox 721 1999 770 2042; x_wconf 84' lang='grc'>823</span> <span class='ocrx_word' id='word_1_183' title='bbox 783 1992 834 2058; x_wconf 79' lang='lat' dir='ltr'>aq.)</span> <span class='ocrx_word' id='word_1_184' title='bbox 859 1995 954 2056; x_wconf 88' lang='lat' dir='ltr'>aliique</span> <span class='ocrx_word' id='word_1_185' title='bbox 976 1995 1008 2044; x_wconf 92' lang='lat' dir='ltr'>de</span> <span class='ocrx_word' id='word_1_186' title='bbox 1033 1993 1134 2046; x_wconf 87' lang='lat' dir='ltr'>Cereris</span> <span class='ocrx_word' id='word_1_187' title='bbox 1156 2011 1215 2045; x_wconf 84' lang='lat' dir='ltr'>cum</span> <span class='ocrx_word' id='word_1_188' title='bbox 1240 2012 1290 2046; x_wconf 90' lang='lat' dir='ltr'>uno</span> <span class='ocrx_word' id='word_1_189' title='bbox 1313 2013 1348 2046; x_wconf 88' lang='lat' dir='ltr'>ex</span> <span class='ocrx_word' id='word_1_190' title='bbox 1407 2006 1410 2010; x_wconf 76' lang='grc'><strong>’</strong></span> 
     </span>
     <span class='ocr_line' id='line_1_19' title="bbox 60 2077 1347 2144; baseline 0.003 -18"><span class='ocrx_word' id='word_1_191' title='bbox 60 2079 204 2144; x_wconf 86' lang='lat' dir='ltr'>hospitibus</span> <span class='ocrx_word' id='word_1_192' title='bbox 229 2079 368 2127; x_wconf 83' lang='lat' dir='ltr'>concubitu</span> <span class='ocrx_word' id='word_1_193' title='bbox 390 2085 507 2138; x_wconf 85' lang='lat' dir='ltr'>narrant,</span> <span class='ocrx_word' id='word_1_194' title='bbox 533 2078 564 2126; x_wconf 92' lang='lat' dir='ltr'>de</span> <span class='ocrx_word' id='word_1_195' title='bbox 587 2077 701 2141; x_wconf 86' lang='lat' dir='ltr'>Dysaulc</span> <span class='ocrx_word' id='word_1_196' title='bbox 726 2078 812 2140; x_wconf 90' lang='lat' dir='ltr'>potius</span> <span class='ocrx_word' id='word_1_197' title='bbox 837 2093 913 2141; x_wconf 85' lang='lat' dir='ltr'>quarn</span> <span class='ocrx_word' id='word_1_198' title='bbox 937 2079 968 2127; x_wconf 91' lang='lat' dir='ltr'>de</span> <span class='ocrx_word' id='word_1_199' title='bbox 991 2078 1083 2141; x_wconf 91' lang='lat' dir='ltr'>Celeo,</span> <span class='ocrx_word' id='word_1_200' title='bbox 1113 2082 1179 2130; x_wconf 89' lang='lat' dir='ltr'>sieut</span> <span class='ocrx_word' id='word_1_201' title='bbox 1203 2082 1289 2131; x_wconf 89' lang='lat' dir='ltr'>Schol.</span> <span class='ocrx_word' id='word_1_202' title='bbox 1314 2083 1347 2131; x_wconf 87' lang='lat' dir='ltr'>ad</span> 
     </span>
     <span class='ocr_line' id='line_1_20' title="bbox 60 2163 1346 2232; baseline 0.003 -19"><span class='ocrx_word' id='word_1_203' title='bbox 60 2165 164 2214; x_wconf 78' lang='lat' dir='ltr'>hnsud.</span> <span class='ocrx_word' id='word_1_204' title='bbox 193 2180 220 2228; x_wconf 94' lang='lat' dir='ltr'>p.</span> <span class='ocrx_word' id='word_1_205' title='bbox 246 2168 278 2212; x_wconf 91' lang='grc'>22</span> <span class='ocrx_word' id='word_1_206' title='bbox 305 2163 372 2224; x_wconf 81' lang='lat' dir='ltr'>vult,</span> <span class='ocrx_word' id='word_1_207' title='bbox 400 2163 565 2227; x_wconf 84' lang='lat' dir='ltr'>intelligenda</span> <span class='ocrx_word' id='word_1_208' title='bbox 592 2164 717 2212; x_wconf 85' lang='lat' dir='ltr'>videntur.</span> <span class='ocrx_word' id='word_1_209' title='bbox 753 2163 811 2225; x_wconf 91' lang='lat' dir='ltr'>Ipse</span> <span class='ocrx_word' id='word_1_210' title='bbox 838 2163 1024 2213; x_wconf 89' lang='lat' dir='ltr'>Lobeckius</span> <span class='ocrx_word' id='word_1_211' title='bbox 1051 2167 1125 2231; x_wconf 71' lang='lat' dir='ltr'>(Agl.</span> <span class='ocrx_word' id='word_1_212' title='bbox 1145 2185 1175 2232; x_wconf 83' lang='grc' dir='ltr'>ρ.</span> <span class='ocrx_word' id='word_1_213' title='bbox 1195 2173 1243 2216; x_wconf 89' lang='grc'>825</span> <span class='ocrx_word' id='word_1_214' title='bbox 1263 2170 1297 2217; x_wconf 89' lang='lat' dir='ltr'>N.</span> <span class='ocrx_word' id='word_1_215' title='bbox 1316 2168 1346 2232; x_wconf 82' lang='lat' dir='ltr'>Ic)</span> 
     </span>
     <span class='ocr_line' id='line_1_21' title="bbox 61 2249 1071 2314; baseline -0.006 -14"><span class='ocrx_word' id='word_1_216' title='bbox 61 2249 161 2300; x_wconf 82' lang='lat' dir='ltr'>Cereris</span> <span class='ocrx_word' id='word_1_217' title='bbox 181 2262 208 2300; x_wconf 86' lang='lat' dir='ltr'>et</span> <span class='ocrx_word' id='word_1_218' title='bbox 224 2251 347 2314; x_wconf 89' lang='lat' dir='ltr'>Dysaulis</span> <span class='ocrx_word' id='word_1_219' title='bbox 365 2250 446 2299; x_wconf 86' lang='lat' dir='ltr'>lilium</span> <span class='ocrx_word' id='word_1_220' title='bbox 465 2249 593 2312; x_wconf 80' lang='lat' dir='ltr'>agnoscit.</span> <span class='ocrx_word' id='word_1_221' title='bbox 1068 2262 1071 2267; x_wconf 95' lang='lat'>·</span> 
     </span>
    </p>

    <p class='ocr_par' dir='ltr' id='par_1_5' title="bbox 59 2333 1351 4369">
     <span class='ocr_line' id='line_1_22' title="bbox 125 2333 1347 2402; baseline 0.003 -17"><span class='ocrx_word' id='word_1_222' title='bbox 125 2333 136 2364; x_wconf 77' lang='lat'>²</span> <span class='ocrx_word' id='word_1_223' title='bbox 158 2337 236 2386; x_wconf 70' lang='grc' dir='ltr'>θύσασι.</span> <span class='ocrx_word' id='word_1_224' title='bbox 260 2337 336 2385; x_wconf 72' lang='lat' dir='ltr'>Alea.</span> <span class='ocrx_word' id='word_1_225' title='bbox 357 2336 376 2386; x_wconf 86' lang='lat' dir='ltr'>l.</span> <span class='ocrx_word' id='word_1_226' title='bbox 396 2354 419 2386; x_wconf 87' lang='grc' dir='ltr'>σ.</span> <span class='ocrx_word' id='word_1_227' title='bbox 444 2342 469 2384; x_wconf 95' lang='lat' dir='ltr'>et</span> <span class='ocrx_word' id='word_1_228' title='bbox 492 2336 587 2385; x_wconf 82' lang='lat' dir='ltr'>Euseb.</span> <span class='ocrx_word' id='word_1_229' title='bbox 610 2337 706 2398; x_wconf 83' lang='lat' dir='ltr'>Proep.</span> <span class='ocrx_word' id='word_1_230' title='bbox 731 2336 782 2386; x_wconf 79' lang='lat' dir='ltr'>Eo.</span> <span class='ocrx_word' id='word_1_231' title='bbox 802 2336 842 2394; x_wconf 92' lang='grc' dir='ltr'>ΙΙ,</span> <span class='ocrx_word' id='word_1_232' title='bbox 861 2340 885 2383; x_wconf 87' lang='grc'>3.</span> <span class='ocrx_word' id='word_1_233' title='bbox 906 2340 938 2383; x_wconf 81' lang='grc'>34</span> <span class='ocrx_word' id='word_1_234' title='bbox 963 2337 1117 2386; x_wconf 88' lang='lat' dir='ltr'>unanimiter</span> <span class='ocrx_word' id='word_1_235' title='bbox 1142 2337 1238 2402; x_wconf 85' lang='lat' dir='ltr'>Orphei</span> <span class='ocrx_word' id='word_1_236' title='bbox 1259 2353 1347 2389; x_wconf 88' lang='lat' dir='ltr'>versus</span> 
     </span>
     <span class='ocr_line' id='line_1_23' title="bbox 61 2414 1347 2492; baseline 0.003 -22"><span class='ocrx_word' id='word_1_237' title='bbox 61 2421 97 2470; x_wconf 88' lang='lat' dir='ltr'>ita</span> <span class='ocrx_word' id='word_1_238' title='bbox 120 2422 239 2470; x_wconf 85' lang='lat' dir='ltr'>tradunt:</span> <span class='ocrx_word' id='word_1_239' title='bbox 263 2425 325 2476; x_wconf 88' lang='grc' dir='ltr'>τιαῐς</span> <span class='ocrx_word' id='word_1_240' title='bbox 343 2414 362 2471; x_wconf 80' lang='grc' dir='ltr'>δ’</span> <span class='ocrx_word' id='word_1_241' title='bbox 382 2420 428 2490; x_wconf 73' lang='grc' dir='ltr'>ἦεν</span> <span class='ocrx_word' id='word_1_242' title='bbox 445 2414 554 2490; x_wconf 76' lang='grc' dir='ltr'>Ἴακχος</span> <span class='ocrx_word' id='word_1_243' title='bbox 576 2415 650 2489; x_wconf 78' lang='grc' dir='ltr'>Χειρί</span> <span class='ocrx_word' id='word_1_244' title='bbox 671 2418 701 2469; x_wconf 79' lang='grc' dir='ltr'>τὲ</span> <span class='ocrx_word' id='word_1_245' title='bbox 724 2435 765 2486; x_wconf 91' lang='grc' dir='ltr'>μιν</span> <span class='ocrx_word' id='word_1_246' title='bbox 785 2416 904 2490; x_wconf 70' lang='grc' dir='ltr'>ῥίπτασκε</span> <span class='ocrx_word' id='word_1_247' title='bbox 928 2420 1012 2489; x_wconf 72' lang='grc' dir='ltr'>γελῶν</span> <span class='ocrx_word' id='word_1_248' title='bbox 1029 2418 1148 2492; x_wconf 81' lang='grc' dir='ltr'>Βαυβυῦς</span> <span class='ocrx_word' id='word_1_249' title='bbox 1170 2421 1218 2474; x_wconf 78' lang='grc' dir='ltr'>ὑπὸ</span> <span class='ocrx_word' id='word_1_250' title='bbox 1235 2422 1347 2480; x_wconf 84' lang='grc' dir='ltr'>κόλποις.</span> 
     </span>
     <span class='ocr_line' id='line_1_24' title="bbox 59 2505 1349 2571; baseline 0.002 -15"><span class='ocrx_word' id='word_1_251' title='bbox 59 2506 174 2556; x_wconf 85' lang='lat' dir='ltr'>Lacteus</span> <span class='ocrx_word' id='word_1_252' title='bbox 197 2506 274 2569; x_wconf 87' lang='lat' dir='ltr'>igitur</span> <span class='ocrx_word' id='word_1_253' title='bbox 297 2506 381 2555; x_wconf 87' lang='lat' dir='ltr'>infans</span> <span class='ocrx_word' id='word_1_254' title='bbox 406 2507 458 2570; x_wconf 84' lang='lat' dir='ltr'>(vel</span> <span class='ocrx_word' id='word_1_255' title='bbox 481 2520 553 2568; x_wconf 90' lang='lat' dir='ltr'>puer,</span> <span class='ocrx_word' id='word_1_256' title='bbox 579 2520 639 2553; x_wconf 88' lang='lat' dir='ltr'>uam</span> <span class='ocrx_word' id='word_1_257' title='bbox 662 2505 789 2554; x_wconf 87' lang='lat' dir='ltr'>interdum</span> <span class='ocrx_word' id='word_1_258' title='bbox 807 2506 926 2554; x_wconf 91' lang='lat' dir='ltr'>mulieres</span> <span class='ocrx_word' id='word_1_259' title='bbox 951 2516 1064 2570; x_wconf 83' lang='lat' dir='ltr'>agrestes</span> <span class='ocrx_word' id='word_1_260' title='bbox 1082 2509 1192 2571; x_wconf 90' lang='lat' dir='ltr'>amplius</span> <span class='ocrx_word' id='word_1_261' title='bbox 1210 2509 1349 2558; x_wconf 90' lang='lat' dir='ltr'>triennium</span> 
     </span>
     <span class='ocr_line' id='line_1_25' title="bbox 60 2590 1346 2661; baseline 0.004 -20"><span class='ocrx_word' id='word_1_262' title='bbox 60 2593 156 2642; x_wconf 90' lang='lat' dir='ltr'>liberos</span> <span class='ocrx_word' id='word_1_263' title='bbox 180 2591 302 2641; x_wconf 83' lang='lat' dir='ltr'>uberibus</span> <span class='ocrx_word' id='word_1_264' title='bbox 325 2592 409 2656; x_wconf 84' lang='lat' dir='ltr'>alunt)</span> <span class='ocrx_word' id='word_1_265' title='bbox 434 2593 470 2640; x_wconf 90' lang='lat' dir='ltr'>ibi</span> <span class='ocrx_word' id='word_1_266' title='bbox 493 2591 607 2642; x_wconf 87' lang='lat' dir='ltr'>Jacchus</span> <span class='ocrx_word' id='word_1_267' title='bbox 632 2591 724 2639; x_wconf 90' lang='lat' dir='ltr'>dicitur</span> <span class='ocrx_word' id='word_1_268' title='bbox 747 2590 792 2654; x_wconf 87' lang='lat' dir='ltr'>(cl.</span> <span class='ocrx_word' id='word_1_269' title='bbox 817 2606 883 2654; x_wconf 86' lang='lat' dir='ltr'>quae</span> <span class='ocrx_word' id='word_1_270' title='bbox 906 2592 1096 2643; x_wconf 88' lang='lat' dir='ltr'>Lobeckius</span> <span class='ocrx_word' id='word_1_271' title='bbox 1119 2597 1181 2659; x_wconf 66' lang='lat' dir='ltr'>Agl.</span> <span class='ocrx_word' id='word_1_272' title='bbox 1196 2614 1226 2661; x_wconf 90' lang='lat' dir='ltr'>p.</span> <span class='ocrx_word' id='word_1_273' title='bbox 1246 2599 1296 2644; x_wconf 88' lang='grc'>822</span> <span class='ocrx_word' id='word_1_274' title='bbox 1308 2613 1346 2660; x_wconf 74' lang='lat' dir='ltr'>ap.</span> 
     </span>
     <span class='ocr_line' id='line_1_26' title="bbox 60 2673 1348 2745; baseline 0.002 -17"><span class='ocrx_word' id='word_1_275' title='bbox 60 2679 90 2728; x_wconf 90' lang='lat' dir='ltr'>de</span> <span class='ocrx_word' id='word_1_276' title='bbox 102 2677 206 2727; x_wconf 86' lang='lat' dir='ltr'>Jaccho</span> <span class='ocrx_word' id='word_1_277' title='bbox 226 2673 373 2745; x_wconf 84' lang='grc' dir='ltr'>ύιιοκυλπίῳ</span> <span class='ocrx_word' id='word_1_278' title='bbox 392 2676 486 2741; x_wconf 84' lang='lat' dir='ltr'>affert),</span> <span class='ocrx_word' id='word_1_279' title='bbox 507 2691 558 2725; x_wconf 92' lang='lat' dir='ltr'>non</span> <span class='ocrx_word' id='word_1_280' title='bbox 575 2677 714 2739; x_wconf 83' lang='lat' dir='ltr'>Dionysus.</span> <span class='ocrx_word' id='word_1_281' title='bbox 752 2675 805 2724; x_wconf 87' lang='lat' dir='ltr'>Nec</span> <span class='ocrx_word' id='word_1_282' title='bbox 824 2677 921 2738; x_wconf 90' lang='lat' dir='ltr'>dubito,</span> <span class='ocrx_word' id='word_1_283' title='bbox 942 2679 1003 2740; x_wconf 92' lang='lat' dir='ltr'>quin</span> <span class='ocrx_word' id='word_1_284' title='bbox 1022 2680 1043 2727; x_wconf 92' lang='lat' dir='ltr'>is</span> <span class='ocrx_word' id='word_1_285' title='bbox 1062 2695 1135 2728; x_wconf 86' lang='lat' dir='ltr'>verus</span> <span class='ocrx_word' id='word_1_286' title='bbox 1153 2681 1231 2742; x_wconf 85' lang='lat' dir='ltr'>hujus</span> <span class='ocrx_word' id='word_1_287' title='bbox 1249 2682 1348 2744; x_wconf 80' lang='lat' dir='ltr'>mystici</span> 
     </span>
     <span class='ocr_line' id='line_1_27' title="bbox 60 2761 1349 2824; baseline 0.001 -11"><span class='ocrx_word' id='word_1_288' title='bbox 60 2764 194 2814; x_wconf 88' lang='lat' dir='ltr'>daemonis</span> <span class='ocrx_word' id='word_1_289' title='bbox 223 2777 312 2811; x_wconf 89' lang='lat' dir='ltr'>sensus</span> <span class='ocrx_word' id='word_1_290' title='bbox 339 2762 423 2811; x_wconf 87' lang='lat' dir='ltr'>fucrit.</span> <span class='ocrx_word' id='word_1_291' title='bbox 460 2763 491 2810; x_wconf 91' lang='lat' dir='ltr'>In</span> <span class='ocrx_word' id='word_1_292' title='bbox 518 2761 703 2824; x_wconf 85' lang='lat' dir='ltr'>antiquissimis</span> <span class='ocrx_word' id='word_1_293' title='bbox 730 2761 799 2809; x_wconf 90' lang='lat' dir='ltr'>euim</span> <span class='ocrx_word' id='word_1_294' title='bbox 826 2762 857 2809; x_wconf 91' lang='lat' dir='ltr'>de</span> <span class='ocrx_word' id='word_1_295' title='bbox 882 2762 1021 2812; x_wconf 84' lang='lat' dir='ltr'>Eleusiniis</span> <span class='ocrx_word' id='word_1_296' title='bbox 1048 2765 1200 2814; x_wconf 88' lang='lat' dir='ltr'>testimoniis</span> <span class='ocrx_word' id='word_1_297' title='bbox 1227 2766 1298 2814; x_wconf 88' lang='lat' dir='ltr'>nulla</span> <span class='ocrx_word' id='word_1_298' title='bbox 1321 2766 1349 2815; x_wconf 86' lang='lat' dir='ltr'>lit</span> 
     </span>
     <span class='ocr_line' id='line_1_28' title="bbox 59 2847 1349 2914; baseline 0.001 -16"><span class='ocrx_word' id='word_1_299' title='bbox 59 2849 171 2914; x_wconf 83' lang='lat' dir='ltr'>Dionysi</span> <span class='ocrx_word' id='word_1_300' title='bbox 189 2849 296 2897; x_wconf 90' lang='lat' dir='ltr'>mentio.</span> <span class='ocrx_word' id='word_1_301' title='bbox 334 2847 457 2908; x_wconf 83' lang='lat' dir='ltr'>Quamvis</span> <span class='ocrx_word' id='word_1_302' title='bbox 475 2849 545 2897; x_wconf 89' lang='lat' dir='ltr'>enim</span> <span class='ocrx_word' id='word_1_303' title='bbox 563 2849 589 2895; x_wconf 93' lang='lat' dir='ltr'>in</span> <span class='ocrx_word' id='word_1_304' title='bbox 608 2847 709 2910; x_wconf 88' lang='lat' dir='ltr'>Hymno</span> <span class='ocrx_word' id='word_1_305' title='bbox 729 2848 805 2897; x_wconf 86' lang='lat' dir='ltr'>Hom.</span> <span class='ocrx_word' id='word_1_306' title='bbox 825 2849 852 2896; x_wconf 84' lang='grc' dir='ltr'>ιἰν</span> <span class='ocrx_word' id='word_1_307' title='bbox 866 2849 922 2897; x_wconf 82' lang='lat' dir='ltr'>Oer.</span> <span class='ocrx_word' id='word_1_308' title='bbox 939 2867 964 2899; x_wconf 87' lang='grc' dir='ltr'>υ.</span> <span class='ocrx_word' id='word_1_309' title='bbox 979 2854 1028 2898; x_wconf 84' lang='grc'>396</span> <span class='ocrx_word' id='word_1_310' title='bbox 1046 2851 1178 2898; x_wconf 88' lang='lat' dir='ltr'>maenadis</span> <span class='ocrx_word' id='word_1_311' title='bbox 1197 2852 1349 2900; x_wconf 87' lang='lat' dir='ltr'>vocabulum</span> 
     </span>
     <span class='ocr_line' id='line_1_29' title="bbox 62 2930 1348 3004; baseline 0 -20"><span class='ocrx_word' id='word_1_312' title='bbox 62 2942 188 2996; x_wconf 88' lang='lat' dir='ltr'>occurrat,</span> <span class='ocrx_word' id='word_1_313' title='bbox 214 2942 300 2985; x_wconf 84' lang='lat' dir='ltr'>tamen</span> <span class='ocrx_word' id='word_1_314' title='bbox 322 2935 381 2983; x_wconf 89' lang='lat' dir='ltr'>inde</span> <span class='ocrx_word' id='word_1_315' title='bbox 406 2949 458 2984; x_wconf 89' lang='lat' dir='ltr'>uon</span> <span class='ocrx_word' id='word_1_316' title='bbox 482 2934 699 2996; x_wconf 89' lang='lat' dir='ltr'>concludendum,</span> <span class='ocrx_word' id='word_1_317' title='bbox 719 2934 764 2982; x_wconf 88' lang='lat' dir='ltr'>illa</span> <span class='ocrx_word' id='word_1_318' title='bbox 782 2930 866 3004; x_wconf 79' lang='grc' dir='ltr'>ύρηια,</span> <span class='ocrx_word' id='word_1_319' title='bbox 891 2949 956 2996; x_wconf 86' lang='lat' dir='ltr'>quae</span> <span class='ocrx_word' id='word_1_320' title='bbox 975 2933 1054 2984; x_wconf 86' lang='lat' dir='ltr'>Ceres</span> <span class='ocrx_word' id='word_1_321' title='bbox 1073 2936 1215 2984; x_wconf 86' lang='lat' dir='ltr'>condiderit</span> <span class='ocrx_word' id='word_1_322' title='bbox 1234 2936 1268 3002; x_wconf 85' lang='lat' dir='ltr'>(o.</span> <span class='ocrx_word' id='word_1_323' title='bbox 1289 2940 1348 2995; x_wconf 87' lang='grc'>273,</span> 
     </span>
     <span class='ocr_line' id='line_1_30' title="bbox 62 3014 1346 3091; baseline 0.002 -21"><span class='ocrx_word' id='word_1_324' title='bbox 62 3022 134 3086; x_wconf 73' lang='lat' dir='ltr'>lto),</span> <span class='ocrx_word' id='word_1_325' title='bbox 155 3035 230 3069; x_wconf 84' lang='lat' dir='ltr'>sacre</span> <span class='ocrx_word' id='word_1_326' title='bbox 248 3035 305 3069; x_wconf 89' lang='lat' dir='ltr'>esse</span> <span class='ocrx_word' id='word_1_327' title='bbox 316 3018 454 3080; x_wconf 89' lang='lat' dir='ltr'>Bacchica,</span> <span class='ocrx_word' id='word_1_328' title='bbox 473 3035 532 3068; x_wconf 89' lang='lat' dir='ltr'>cum</span> <span class='ocrx_word' id='word_1_329' title='bbox 544 3020 629 3083; x_wconf 91' lang='lat' dir='ltr'>potius</span> <span class='ocrx_word' id='word_1_330' title='bbox 641 3019 823 3082; x_wconf 88' lang='lat' dir='ltr'>Aristophanis</span> <span class='ocrx_word' id='word_1_331' title='bbox 842 3020 893 3068; x_wconf 92' lang='lat' dir='ltr'>sint</span> <span class='ocrx_word' id='word_1_332' title='bbox 912 3014 984 3091; x_wconf 75' lang='grc' dir='ltr'>ύρηια</span> <span class='ocrx_word' id='word_1_333' title='bbox 1002 3019 1081 3088; x_wconf 79' lang='grc' dir='ltr'>σεμνὰ</span> <span class='ocrx_word' id='word_1_334' title='bbox 1099 3017 1174 3072; x_wconf 78' lang='grc' dir='ltr'>θεαῖν</span> <span class='ocrx_word' id='word_1_335' title='bbox 1188 3021 1346 3087; x_wconf 79' lang='grc' dir='ltr'>(ΙῚιεοοιορΙι.</span> 
     </span>
     <span class='ocr_line' id='line_1_31' title="bbox 61 3105 1348 3170; baseline -0.002 -12"><span class='ocrx_word' id='word_1_336' title='bbox 61 3124 84 3158; x_wconf 86' lang='grc' dir='ltr'>ο.</span> <span class='ocrx_word' id='word_1_337' title='bbox 105 3112 166 3167; x_wconf 77' lang='grc'>948,</span> <span class='ocrx_word' id='word_1_338' title='bbox 186 3105 220 3155; x_wconf 85' lang='lat' dir='ltr'>ef.</span> <span class='ocrx_word' id='word_1_339' title='bbox 240 3106 339 3156; x_wconf 82' lang='lat' dir='ltr'>Herod.</span> <span class='ocrx_word' id='word_1_340' title='bbox 358 3106 399 3165; x_wconf 95' lang='grc' dir='ltr'>ΙΙ,</span> <span class='ocrx_word' id='word_1_341' title='bbox 418 3110 464 3168; x_wconf 88' lang='grc'>51;</span> <span class='ocrx_word' id='word_1_342' title='bbox 487 3105 517 3165; x_wconf 87' lang='lat' dir='ltr'>V,</span> <span class='ocrx_word' id='word_1_343' title='bbox 537 3105 590 3167; x_wconf 86' lang='grc'>61).</span> <span class='ocrx_word' id='word_1_344' title='bbox 626 3105 752 3153; x_wconf 86' lang='lat' dir='ltr'>Jaochum</span> <span class='ocrx_word' id='word_1_345' title='bbox 772 3106 881 3153; x_wconf 90' lang='lat' dir='ltr'>eundem</span> <span class='ocrx_word' id='word_1_346' title='bbox 903 3113 1006 3169; x_wconf 85' lang='lat' dir='ltr'>poetam</span> <span class='ocrx_word' id='word_1_347' title='bbox 1024 3121 1040 3154; x_wconf 93' lang='lat' dir='ltr'>a</span> <span class='ocrx_word' id='word_1_348' title='bbox 1058 3107 1173 3170; x_wconf 88' lang='lat' dir='ltr'>Dionyso</span> <span class='ocrx_word' id='word_1_349' title='bbox 1192 3106 1348 3169; x_wconf 89' lang='lat' dir='ltr'>distinguere</span> 
     </span>
     <span class='ocr_line' id='line_1_32' title="bbox 63 3190 1347 3257; baseline 0 -14"><span class='ocrx_word' id='word_1_350' title='bbox 63 3193 144 3257; x_wconf 72' lang='lat' dir='ltr'>(Eas.</span> <span class='ocrx_word' id='word_1_351' title='bbox 167 3210 193 3242; x_wconf 85' lang='grc' dir='ltr'>ο.</span> <span class='ocrx_word' id='word_1_352' title='bbox 213 3197 262 3240; x_wconf 88' lang='grc'>316</span> <span class='ocrx_word' id='word_1_353' title='bbox 281 3191 348 3257; x_wconf 72' lang='grc' dir='ltr'>ομ),</span> <span class='ocrx_word' id='word_1_354' title='bbox 380 3192 521 3240; x_wconf 84' lang='lat' dir='ltr'>rectissime</span> <span class='ocrx_word' id='word_1_355' title='bbox 548 3191 736 3240; x_wconf 86' lang='lat' dir='ltr'>Lobeckius</span> <span class='ocrx_word' id='word_1_356' title='bbox 763 3191 862 3239; x_wconf 84' lang='lat' dir='ltr'>videtur</span> <span class='ocrx_word' id='word_1_357' title='bbox 888 3190 1038 3240; x_wconf 89' lang='lat' dir='ltr'>observasse</span> <span class='ocrx_word' id='word_1_358' title='bbox 1064 3193 1127 3256; x_wconf 73' lang='lat' dir='ltr'>Api.</span> <span class='ocrx_word' id='word_1_359' title='bbox 1147 3209 1177 3256; x_wconf 83' lang='grc' dir='ltr'>ρ.</span> <span class='ocrx_word' id='word_1_360' title='bbox 1197 3196 1244 3241; x_wconf 86' lang='grc'>821</span> <span class='ocrx_word' id='word_1_361' title='bbox 1270 3195 1304 3243; x_wconf 94' lang='lat' dir='ltr'>N.</span> <span class='ocrx_word' id='word_1_362' title='bbox 1324 3211 1347 3243; x_wconf 88' lang='lat' dir='ltr'>e.</span> 
     </span>
     <span class='ocr_line' id='line_1_33' title="bbox 63 3276 1348 3343; baseline 0.001 -17"><span class='ocrx_word' id='word_1_363' title='bbox 63 3279 153 3343; x_wconf 88' lang='lat' dir='ltr'>Neque</span> <span class='ocrx_word' id='word_1_364' title='bbox 172 3278 303 3343; x_wconf 89' lang='lat' dir='ltr'>Pamphus</span> <span class='ocrx_word' id='word_1_365' title='bbox 320 3277 413 3326; x_wconf 71' lang='lat' dir='ltr'>iacchi</span> <span class='ocrx_word' id='word_1_366' title='bbox 431 3277 580 3341; x_wconf 87' lang='lat' dir='ltr'>Dionysiaci</span> <span class='ocrx_word' id='word_1_367' title='bbox 598 3278 756 3325; x_wconf 89' lang='lat' dir='ltr'>mentionem</span> <span class='ocrx_word' id='word_1_368' title='bbox 774 3277 835 3325; x_wconf 89' lang='lat' dir='ltr'>fecit</span> <span class='ocrx_word' id='word_1_369' title='bbox 853 3276 1025 3340; x_wconf 87' lang='lat' dir='ltr'>(Weleker,</span> <span class='ocrx_word' id='word_1_370' title='bbox 1053 3280 1156 3327; x_wconf 75' lang='lat' dir='ltr'>Griecls.</span> <span class='ocrx_word' id='word_1_371' title='bbox 1180 3279 1348 3338; x_wconf 74' lang='lat' dir='ltr'>Gdiierlebre,</span> 
     </span>
     <span class='ocr_line' id='line_1_34' title="bbox 63 3361 1346 3427; baseline -0.001 -15"><span class='ocrx_word' id='word_1_372' title='bbox 63 3365 103 3423; x_wconf 82' lang='lat'>11,</span> <span class='ocrx_word' id='word_1_373' title='bbox 117 3364 180 3427; x_wconf 88' lang='grc'>550)</span> <span class='ocrx_word' id='word_1_374' title='bbox 199 3371 224 3412; x_wconf 91' lang='lat' dir='ltr'>et</span> <span class='ocrx_word' id='word_1_375' title='bbox 237 3364 372 3412; x_wconf 86' lang='lat' dir='ltr'>Musaeum</span> <span class='ocrx_word' id='word_1_376' title='bbox 391 3363 478 3425; x_wconf 90' lang='lat' dir='ltr'>aliqua</span> <span class='ocrx_word' id='word_1_377' title='bbox 496 3362 527 3411; x_wconf 89' lang='lat' dir='ltr'>de</span> <span class='ocrx_word' id='word_1_378' title='bbox 545 3362 643 3411; x_wconf 91' lang='lat' dir='ltr'>Bacchi</span> <span class='ocrx_word' id='word_1_379' title='bbox 660 3363 767 3425; x_wconf 89' lang='lat' dir='ltr'>mystico</span> <span class='ocrx_word' id='word_1_380' title='bbox 786 3362 854 3410; x_wconf 90' lang='lat' dir='ltr'>cultu</span> <span class='ocrx_word' id='word_1_381' title='bbox 874 3361 969 3410; x_wconf 85' lang='lat' dir='ltr'>dixisse</span> <span class='ocrx_word' id='word_1_382' title='bbox 988 3363 1042 3410; x_wconf 88' lang='lat' dir='ltr'>iure</span> <span class='ocrx_word' id='word_1_383' title='bbox 1061 3370 1138 3425; x_wconf 85' lang='lat' dir='ltr'>negat</span> <span class='ocrx_word' id='word_1_384' title='bbox 1156 3361 1346 3423; x_wconf 88' lang='lat' dir='ltr'>Gerhardus,</span> 
     </span>
     <span class='ocr_line' id='line_1_35' title="bbox 66 3445 1349 3515; baseline -0.003 -16"><span class='ocrx_word' id='word_1_385' title='bbox 66 3451 146 3515; x_wconf 76' lang='lat' dir='ltr'>Orph.</span> <span class='ocrx_word' id='word_1_386' title='bbox 163 3467 194 3514; x_wconf 90' lang='lat' dir='ltr'>p.</span> <span class='ocrx_word' id='word_1_387' title='bbox 215 3453 245 3497; x_wconf 87' lang='grc'>59</span> <span class='ocrx_word' id='word_1_388' title='bbox 265 3448 299 3498; x_wconf 89' lang='lat' dir='ltr'>N.</span> <span class='ocrx_word' id='word_1_389' title='bbox 315 3453 355 3498; x_wconf 84' lang='grc'>78.</span> <span class='ocrx_word' id='word_1_390' title='bbox 392 3447 492 3503; x_wconf 84' lang='lat' dir='ltr'>Primus</span> <span class='ocrx_word' id='word_1_391' title='bbox 511 3445 654 3510; x_wconf 87' lang='lat' dir='ltr'>Sophocles</span> <span class='ocrx_word' id='word_1_392' title='bbox 673 3447 775 3512; x_wconf 73' lang='lat' dir='ltr'>(Antip.</span> <span class='ocrx_word' id='word_1_393' title='bbox 794 3464 818 3496; x_wconf 88' lang='grc' dir='ltr'>ο.</span> <span class='ocrx_word' id='word_1_394' title='bbox 842 3447 917 3511; x_wconf 87' lang='grc'>1120)</span> <span class='ocrx_word' id='word_1_395' title='bbox 936 3446 1004 3496; x_wconf 92' lang='lat' dir='ltr'>hunc</span> <span class='ocrx_word' id='word_1_396' title='bbox 1022 3448 1098 3496; x_wconf 90' lang='lat' dir='ltr'>deum</span> <span class='ocrx_word' id='word_1_397' title='bbox 1117 3447 1273 3510; x_wconf 91' lang='lat' dir='ltr'>conjunctim</span> <span class='ocrx_word' id='word_1_398' title='bbox 1291 3462 1349 3495; x_wconf 93' lang='lat' dir='ltr'>cum</span> 
     </span>
     <span class='ocr_line' id='line_1_36' title="bbox 65 3532 1350 3597; baseline -0.002 -14"><span class='ocrx_word' id='word_1_399' title='bbox 65 3533 160 3584; x_wconf 87' lang='lat' dir='ltr'>Cerere</span> <span class='ocrx_word' id='word_1_400' title='bbox 172 3535 199 3582; x_wconf 89' lang='lat' dir='ltr'>in</span> <span class='ocrx_word' id='word_1_401' title='bbox 211 3534 351 3583; x_wconf 83' lang='lat' dir='ltr'>Eleusiniis</span> <span class='ocrx_word' id='word_1_402' title='bbox 369 3533 497 3597; x_wconf 89' lang='lat' dir='ltr'>mysteriis</span> <span class='ocrx_word' id='word_1_403' title='bbox 516 3533 612 3581; x_wconf 85' lang='lat' dir='ltr'>cultum</span> <span class='ocrx_word' id='word_1_404' title='bbox 630 3533 709 3582; x_wconf 81' lang='lat' dir='ltr'>luisse</span> <span class='ocrx_word' id='word_1_405' title='bbox 728 3533 863 3597; x_wconf 84' lang='lat' dir='ltr'>significat</span> <span class='ocrx_word' id='word_1_406' title='bbox 900 3532 953 3583; x_wconf 86' lang='lat' dir='ltr'>Noc</span> <span class='ocrx_word' id='word_1_407' title='bbox 971 3534 1073 3594; x_wconf 86' lang='lat' dir='ltr'>mirum,</span> <span class='ocrx_word' id='word_1_408' title='bbox 1093 3534 1116 3583; x_wconf 91' lang='lat' dir='ltr'>si</span> <span class='ocrx_word' id='word_1_409' title='bbox 1131 3532 1254 3593; x_wconf 66' lang='lat' dir='ltr'>«Iacchus,</span> <span class='ocrx_word' id='word_1_410' title='bbox 1273 3547 1350 3595; x_wconf 87' lang='lat' dir='ltr'>quem</span> 
     </span>
     <span class='ocr_line' id='line_1_37' title="bbox 64 3616 1348 3684; baseline 0 -16"><span class='ocrx_word' id='word_1_411' title='bbox 64 3619 167 3683; x_wconf 91' lang='lat' dir='ltr'>proprie</span> <span class='ocrx_word' id='word_1_412' title='bbox 187 3619 254 3667; x_wconf 92' lang='lat' dir='ltr'>sicut</span> <span class='ocrx_word' id='word_1_413' title='bbox 272 3620 464 3682; x_wconf 83' lang='lat' dir='ltr'>Triptolemum,</span> <span class='ocrx_word' id='word_1_414' title='bbox 484 3619 646 3678; x_wconf 85' lang='lat' dir='ltr'>Metaniram,</span> <span class='ocrx_word' id='word_1_415' title='bbox 667 3616 790 3681; x_wconf 86' lang='lat' dir='ltr'>Cecropis</span> <span class='ocrx_word' id='word_1_416' title='bbox 814 3626 864 3667; x_wconf 91' lang='lat' dir='ltr'>tres</span> <span class='ocrx_word' id='word_1_417' title='bbox 883 3619 948 3667; x_wconf 81' lang='lat' dir='ltr'>lilius</span> <span class='ocrx_word' id='word_1_418' title='bbox 972 3619 1017 3683; x_wconf 88' lang='lat' dir='ltr'>(af.</span> <span class='ocrx_word' id='word_1_419' title='bbox 1037 3619 1175 3681; x_wconf 87' lang='lat' dir='ltr'>Preller,</span> <span class='ocrx_word' id='word_1_420' title='bbox 1197 3621 1245 3668; x_wconf 73' lang='grc' dir='ltr'>θα.</span> <span class='ocrx_word' id='word_1_421' title='bbox 1265 3620 1348 3684; x_wconf 69' lang='lat' dir='ltr'>Myce.</span> 
     </span>
     <span class='ocr_line' id='line_1_38' title="bbox 65 3703 1350 3769; baseline -0.002 -16"><span class='ocrx_word' id='word_1_422' title='bbox 65 3708 88 3766; x_wconf 88' lang='lat' dir='ltr'>I,</span> <span class='ocrx_word' id='word_1_423' title='bbox 111 3705 170 3769; x_wconf 85' lang='grc'>159)</span> <span class='ocrx_word' id='word_1_424' title='bbox 191 3705 306 3767; x_wconf 87' lang='lat' dir='ltr'>aliosque</span> <span class='ocrx_word' id='word_1_425' title='bbox 323 3705 455 3753; x_wconf 90' lang='lat' dir='ltr'>hominem</span> <span class='ocrx_word' id='word_1_426' title='bbox 473 3703 617 3752; x_wconf 82' lang='lat' dir='ltr'>fabulosum</span> <span class='ocrx_word' id='word_1_427' title='bbox 636 3704 715 3752; x_wconf 87' lang='lat' dir='ltr'>fuisse</span> <span class='ocrx_word' id='word_1_428' title='bbox 734 3712 759 3752; x_wconf 90' lang='lat' dir='ltr'>et</span> <span class='ocrx_word' id='word_1_429' title='bbox 775 3706 913 3768; x_wconf 91' lang='lat' dir='ltr'>postmodo</span> <span class='ocrx_word' id='word_1_430' title='bbox 937 3705 1023 3754; x_wconf 90' lang='lat' dir='ltr'>divino</span> <span class='ocrx_word' id='word_1_431' title='bbox 1040 3705 1138 3753; x_wconf 92' lang='lat' dir='ltr'>honore</span> <span class='ocrx_word' id='word_1_432' title='bbox 1157 3705 1260 3767; x_wconf 90' lang='lat' dir='ltr'>dignum</span> <span class='ocrx_word' id='word_1_433' title='bbox 1278 3704 1350 3752; x_wconf 92' lang='lat' dir='ltr'>habi·</span> 
     </span>
     <span class='ocr_line' id='line_1_39' title="bbox 65 3788 1351 3855; baseline -0.001 -15"><span class='ocrx_word' id='word_1_434' title='bbox 65 3799 118 3840; x_wconf 91' lang='lat' dir='ltr'>tum</span> <span class='ocrx_word' id='word_1_435' title='bbox 137 3805 196 3840; x_wconf 89' lang='lat' dir='ltr'>esse</span> <span class='ocrx_word' id='word_1_436' title='bbox 214 3790 339 3855; x_wconf 89' lang='lat' dir='ltr'>suspicor,</span> <span class='ocrx_word' id='word_1_437' title='bbox 362 3791 389 3838; x_wconf 92' lang='lat' dir='ltr'>in</span> <span class='ocrx_word' id='word_1_438' title='bbox 406 3790 503 3840; x_wconf 87' lang='lat' dir='ltr'>Bacchi</span> <span class='ocrx_word' id='word_1_439' title='bbox 527 3790 629 3852; x_wconf 89' lang='lat' dir='ltr'>mystici</span> <span class='ocrx_word' id='word_1_440' title='bbox 647 3790 673 3838; x_wconf 93' lang='lat' dir='ltr'>h.</span> <span class='ocrx_word' id='word_1_441' title='bbox 693 3806 716 3838; x_wconf 90' lang='lat' dir='ltr'>e.</span> <span class='ocrx_word' id='word_1_442' title='bbox 735 3791 828 3854; x_wconf 87' lang='lat' dir='ltr'>Zagrei</span> <span class='ocrx_word' id='word_1_443' title='bbox 851 3806 946 3840; x_wconf 90' lang='lat' dir='ltr'>numen</span> <span class='ocrx_word' id='word_1_444' title='bbox 969 3791 1040 3839; x_wconf 91' lang='lat' dir='ltr'>abiit.</span> <span class='ocrx_word' id='word_1_445' title='bbox 1076 3789 1143 3838; x_wconf 88' lang='lat' dir='ltr'>Nam</span> <span class='ocrx_word' id='word_1_446' title='bbox 1161 3805 1219 3839; x_wconf 89' lang='lat' dir='ltr'>cum</span> <span class='ocrx_word' id='word_1_447' title='bbox 1238 3788 1351 3839; x_wconf 88' lang='lat' dir='ltr'>Onoma-</span> 
     </span>
     <span class='ocr_line' id='line_1_40' title="bbox 66 3873 1350 3945; baseline -0.001 -18"><span class='ocrx_word' id='word_1_448' title='bbox 66 3878 121 3927; x_wconf 91' lang='lat' dir='ltr'>criti</span> <span class='ocrx_word' id='word_1_449' title='bbox 146 3876 305 3940; x_wconf 90' lang='lat' dir='ltr'>temporibus</span> <span class='ocrx_word' id='word_1_450' title='bbox 332 3876 537 3939; x_wconf 88' lang='lat' dir='ltr'>percrebuissent</span> <span class='ocrx_word' id='word_1_451' title='bbox 559 3876 670 3938; x_wconf 87' lang='lat' dir='ltr'>Magnae</span> <span class='ocrx_word' id='word_1_452' title='bbox 693 3876 785 3925; x_wconf 89' lang='lat' dir='ltr'>Matris</span> <span class='ocrx_word' id='word_1_453' title='bbox 807 3891 894 3939; x_wconf 85' lang='lat' dir='ltr'>sacra,</span> <span class='ocrx_word' id='word_1_454' title='bbox 921 3876 962 3924; x_wconf 91' lang='lat' dir='ltr'>cui</span> <span class='ocrx_word' id='word_1_455' title='bbox 984 3873 1109 3945; x_wconf 77' lang='grc' dir='ltr'>πάρεδρος</span> <span class='ocrx_word' id='word_1_456' title='bbox 1132 3882 1186 3923; x_wconf 87' lang='lat' dir='ltr'>erat</span> <span class='ocrx_word' id='word_1_457' title='bbox 1209 3876 1350 3939; x_wconf 85' lang='lat' dir='ltr'>Dionysus,</span> 
     </span>
     <span class='ocr_line' id='line_1_41' title="bbox 65 3958 1351 4027; baseline 0 -15"><span class='ocrx_word' id='word_1_458' title='bbox 65 3971 170 4027; x_wconf 90' lang='lat' dir='ltr'>propter</span> <span class='ocrx_word' id='word_1_459' title='bbox 187 3963 257 4011; x_wconf 90' lang='lat' dir='ltr'>illius</span> <span class='ocrx_word' id='word_1_460' title='bbox 275 3969 301 4009; x_wconf 89' lang='lat' dir='ltr'>et</span> <span class='ocrx_word' id='word_1_461' title='bbox 319 3958 419 4009; x_wconf 89' lang='lat' dir='ltr'>Cereris</span> <span class='ocrx_word' id='word_1_462' title='bbox 439 3960 633 4009; x_wconf 91' lang='lat' dir='ltr'>similitudinem</span> <span class='ocrx_word' id='word_1_463' title='bbox 652 3961 728 4009; x_wconf 90' lang='lat' dir='ltr'>etiam</span> <span class='ocrx_word' id='word_1_464' title='bbox 746 3963 772 4008; x_wconf 92' lang='lat' dir='ltr'>in</span> <span class='ocrx_word' id='word_1_465' title='bbox 792 3959 893 4010; x_wconf 89' lang='lat' dir='ltr'>Cereris</span> <span class='ocrx_word' id='word_1_466' title='bbox 911 3962 1033 4023; x_wconf 89' lang='lat' dir='ltr'>mysteria</span> <span class='ocrx_word' id='word_1_467' title='bbox 1056 3960 1131 4008; x_wconf 87' lang='lat' dir='ltr'>sucilo</span> <span class='ocrx_word' id='word_1_468' title='bbox 1148 3960 1191 4008; x_wconf 92' lang='lat' dir='ltr'>hic</span> <span class='ocrx_word' id='word_1_469' title='bbox 1210 3962 1272 4010; x_wconf 89' lang='lat' dir='ltr'>deus</span> <span class='ocrx_word' id='word_1_470' title='bbox 1290 3963 1351 4012; x_wconf 83' lang='lat' dir='ltr'>irre-</span> 
     </span>
     <span class='ocr_line' id='line_1_42' title="bbox 64 4044 1351 4113; baseline -0.002 -15"><span class='ocrx_word' id='word_1_471' title='bbox 64 4064 125 4113; x_wconf 92' lang='lat' dir='ltr'>pere</span> <span class='ocrx_word' id='word_1_472' title='bbox 152 4046 246 4112; x_wconf 90' lang='lat' dir='ltr'>potuit.</span> <span class='ocrx_word' id='word_1_473' title='bbox 288 4048 353 4096; x_wconf 89' lang='lat' dir='ltr'>Tum</span> <span class='ocrx_word' id='word_1_474' title='bbox 379 4060 438 4094; x_wconf 85' lang='lat' dir='ltr'>vero</span> <span class='ocrx_word' id='word_1_475' title='bbox 464 4061 547 4111; x_wconf 88' lang='lat' dir='ltr'>paene</span> <span class='ocrx_word' id='word_1_476' title='bbox 573 4060 679 4094; x_wconf 85' lang='lat' dir='ltr'>necesse</span> <span class='ocrx_word' id='word_1_477' title='bbox 706 4046 762 4106; x_wconf 89' lang='lat' dir='ltr'>fuit,</span> <span class='ocrx_word' id='word_1_478' title='bbox 792 4053 819 4094; x_wconf 91' lang='lat' dir='ltr'>ut</span> <span class='ocrx_word' id='word_1_479' title='bbox 845 4047 872 4093; x_wconf 91' lang='lat' dir='ltr'>in</span> <span class='ocrx_word' id='word_1_480' title='bbox 898 4046 984 4095; x_wconf 90' lang='lat' dir='ltr'>locum</span> <span class='ocrx_word' id='word_1_481' title='bbox 1008 4044 1109 4106; x_wconf 77' lang='lat' dir='ltr'>deuehi,</span> <span class='ocrx_word' id='word_1_482' title='bbox 1136 4046 1228 4096; x_wconf 88' lang='lat' dir='ltr'>veteris</span> <span class='ocrx_word' id='word_1_483' title='bbox 1255 4048 1351 4096; x_wconf 89' lang='lat' dir='ltr'>alumni</span> 
     </span>
     <span class='ocr_line' id='line_1_43' title="bbox 66 4130 1351 4194; baseline -0.002 -10"><span class='ocrx_word' id='word_1_484' title='bbox 66 4133 179 4194; x_wconf 89' lang='lat' dir='ltr'>Cereris,</span> <span class='ocrx_word' id='word_1_485' title='bbox 198 4132 355 4181; x_wconf 88' lang='lat' dir='ltr'>succederet.</span> <span class='ocrx_word' id='word_1_486' title='bbox 393 4131 468 4192; x_wconf 83' lang='lat' dir='ltr'>Quod</span> <span class='ocrx_word' id='word_1_487' title='bbox 487 4132 509 4180; x_wconf 92' lang='lat' dir='ltr'>si</span> <span class='ocrx_word' id='word_1_488' title='bbox 527 4131 623 4179; x_wconf 86' lang='lat' dir='ltr'>factum</span> <span class='ocrx_word' id='word_1_489' title='bbox 641 4139 704 4191; x_wconf 87' lang='lat' dir='ltr'>erat,</span> <span class='ocrx_word' id='word_1_490' title='bbox 723 4133 800 4180; x_wconf 87' lang='lat' dir='ltr'>etiam</span> <span class='ocrx_word' id='word_1_491' title='bbox 817 4131 960 4193; x_wconf 87' lang='lat' dir='ltr'>turpiculae</span> <span class='ocrx_word' id='word_1_492' title='bbox 979 4130 1038 4178; x_wconf 91' lang='lat' dir='ltr'>illae</span> <span class='ocrx_word' id='word_1_493' title='bbox 1057 4131 1215 4180; x_wconf 90' lang='lat' dir='ltr'>narrationes</span> <span class='ocrx_word' id='word_1_494' title='bbox 1233 4133 1266 4180; x_wconf 90' lang='lat' dir='ltr'>de</span> <span class='ocrx_word' id='word_1_495' title='bbox 1283 4133 1351 4181; x_wconf 88' lang='lat' dir='ltr'>Bau·</span> 
     </span>
     <span class='ocr_line' id='line_1_44' title="bbox 65 4215 1350 4280; baseline -0.005 -10"><span class='ocrx_word' id='word_1_496' title='bbox 65 4219 112 4271; x_wconf 86' lang='lat' dir='ltr'>bus</span> <span class='ocrx_word' id='word_1_497' title='bbox 132 4227 157 4269; x_wconf 89' lang='lat' dir='ltr'>et</span> <span class='ocrx_word' id='word_1_498' title='bbox 175 4217 268 4267; x_wconf 83' lang='lat' dir='ltr'>Jacehi</span> <span class='ocrx_word' id='word_1_499' title='bbox 291 4217 407 4266; x_wconf 89' lang='lat' dir='ltr'>ludibriis</span> <span class='ocrx_word' id='word_1_500' title='bbox 431 4217 567 4268; x_wconf 89' lang='lat' dir='ltr'>mutandae</span> <span class='ocrx_word' id='word_1_501' title='bbox 591 4217 751 4266; x_wconf 87' lang='lat' dir='ltr'>videbantur.</span> <span class='ocrx_word' id='word_1_502' title='bbox 788 4215 868 4278; x_wconf 85' lang='lat' dir='ltr'>Cujus</span> <span class='ocrx_word' id='word_1_503' title='bbox 892 4217 1041 4265; x_wconf 90' lang='lat' dir='ltr'>mutationis</span> <span class='ocrx_word' id='word_1_504' title='bbox 1066 4218 1212 4280; x_wconf 89' lang='lat' dir='ltr'>exemplum</span> <span class='ocrx_word' id='word_1_505' title='bbox 1234 4217 1261 4264; x_wconf 90' lang='lat' dir='ltr'>in</span> <span class='ocrx_word' id='word_1_506' title='bbox 1278 4223 1350 4265; x_wconf 87' lang='lat' dir='ltr'>texta</span> 
     </span>
     <span class='ocr_line' id='line_1_45' title="bbox 66 4302 1351 4369; baseline -0.002 -14"><span class='ocrx_word' id='word_1_507' title='bbox 66 4321 127 4355; x_wconf 90' lang='lat' dir='ltr'>mox</span> <span class='ocrx_word' id='word_1_508' title='bbox 146 4303 312 4369; x_wconf 85' lang='lat' dir='ltr'>appositurus</span> <span class='ocrx_word' id='word_1_509' title='bbox 331 4317 396 4350; x_wconf 91' lang='lat' dir='ltr'>sum.</span> <span class='ocrx_word' id='word_1_510' title='bbox 433 4302 500 4352; x_wconf 91' lang='lat' dir='ltr'>Hinc</span> <span class='ocrx_word' id='word_1_511' title='bbox 524 4304 602 4366; x_wconf 91' lang='lat' dir='ltr'>igitur</span> <span class='ocrx_word' id='word_1_512' title='bbox 620 4303 730 4351; x_wconf 83' lang='lat' dir='ltr'>Arnobii</span> <span class='ocrx_word' id='word_1_513' title='bbox 755 4302 944 4365; x_wconf 88' lang='lat' dir='ltr'>discrepantem</span> <span class='ocrx_word' id='word_1_514' title='bbox 961 4319 977 4352; x_wconf 91' lang='lat' dir='ltr'>a</span> <span class='ocrx_word' id='word_1_515' title='bbox 995 4302 1157 4353; x_wconf 81' lang='lat' dir='ltr'>Clementiae</span> <span class='ocrx_word' id='word_1_516' title='bbox 1179 4304 1351 4353; x_wconf 86' lang='lat' dir='ltr'>narrationem</span> 
     </span>
    </p>
   </div>
   <div class='ocr_carea' id='block_1_5' title="bbox 66 4389 516 4455">
    <p class='ocr_par' dir='ltr' id='par_1_6' title="bbox 66 4389 516 4455">
     <span class='ocr_line' id='line_1_46' title="bbox 66 4389 516 4455; baseline -0.002 -15"><span class='ocrx_word' id='word_1_517' title='bbox 66 4402 149 4443; x_wconf 85' lang='lat' dir='ltr'>ortam</span> <span class='ocrx_word' id='word_1_518' title='bbox 166 4397 232 4455; x_wconf 89' lang='lat' dir='ltr'>puto</span> <span class='ocrx_word' id='word_1_519' title='bbox 252 4390 325 4454; x_wconf 61' lang='lat' dir='ltr'>(Agl.</span> <span class='ocrx_word' id='word_1_520' title='bbox 341 4406 371 4454; x_wconf 84' lang='lat' dir='ltr'>p.</span> <span class='ocrx_word' id='word_1_521' title='bbox 391 4392 441 4438; x_wconf 88' lang='grc'>820</span> <span class='ocrx_word' id='word_1_522' title='bbox 453 4389 516 4455; x_wconf 65' lang='lat' dir='ltr'>sp).</span> 
     </span>
    </p>
   </div>
   <div class='ocr_carea' id='block_1_6' title="bbox 0 0 1508 4800">
    <p class='ocr_par' dir='ltr' id='par_1_7' title="bbox 0 0 1508 4800">
     <span class='ocr_line' id='line_1_47' title="bbox 0 0 1508 4800; baseline 0 0"><span class='ocrx_word' id='word_1_523' title='bbox 0 0 1508 4800; x_wconf 95' lang='lat' dir='ltr'> </span> 
     </span>
    </p>
   </div>
  </div>
 </body>
</html>
