2986 4800
729 185 769 245 32

109 399 141 458 ἐκ
153 400 319 475 ταρατριβῆς
333 396 369 463 εἰς
384 392 434 455 δύο
449 393 568 474 ἐρράγη·
587 396 618 454 τό
635 395 682 471 μὲν
697 389 743 453 οόν
757 394 828 453 κατὰ
849 395 968 472 κορυφὴν
988 392 1072 453 αότοῦ
1093 391 1204 471 οὐρανός
1226 390 1291 452 εἶναι
1311 393 1393 453 ἐτελέ-

108 517 179 593 σθη,
198 517 230 576 τό
245 518 276 576 δὲ
290 515 451 596 κατενεχθὲν
464 507 527 592 γῆ.ι
559 513 686 591 Προῆλθε
701 515 732 574 δὲ
747 512 792 573 καὶ
806 513 871 578 θεὸς
886 510 925 589 Γῆ
942 512 985 571 διὰ
1000 512 1140 590 σώματος·
1170 501 1291 590 Οὐρανὸς
1308 512 1339 570 δὲ
1354 509 1393 589 Γη

108 634 213 716 μιχθεὶς
226 640 303 712 γεννᾷ
317 632 430 710 θηλείας
444 635 492 710 μὲν
503 633 626 705 Κλωθώ,
638 629 914 714 Λᾶχισιν,Ἀτροττον,
929 629 1026 708 ἄνδρας
1038 632 1069 691 δὲ
1079 630 1272 712 ἑκατόγχειρας
1282 629 1392 705 Κόττον,

107 751 207 830 Γόγην,
226 752 380 831 Βριάρεων,
399 752 444 812 καὶ
458 749 615 817 Κύκλωπας
629 751 748 829 Βρόντην
767 751 812 812 καὶ
829 751 968 829 Στερόπην
986 751 1032 811 καὶ
1046 746 1159 828 Ἀργον·
1178 747 1226 815 ab:
1246 750 1292 809 καὶ
1313 751 1393 828 δήσας

106 872 360 950 κατεταρτάρωσεν,
380 871 553 931 ἐκπεσεῖσθαι
568 869 647 930 αότδν
662 870 712 929 ὑπὸ
727 879 780 931 τῶν
794 869 898 930 παίδων
910 874 959 947 τῆς
974 871 1060 951 ἀρχῆς
1074 870 1178 948 μαθών.
1208 870 1255 931 Διὸ
1270 868 1316 928 καὶ
1331 869 1392 948 όργι·

106 991 205 1051 ασθεῖσ
219 992 237 1067 ἡ
253 989 294 1066 Γῆ
309 990 372 1056 τοὺς
386 989 499 1055 Τιτᾶνας
513 990 651 1068 ἐγέννησε·

373 1097 488 1174 Κοόρους
507 1097 532 1152 δ’
553 1098 709 1173 οὐρανίωνας
728 1099 841 1172 ἐγείνατο
859 1101 948 1154 πότνια
968 1097 1062 1160 Γαῖα,Ξ

372 1201 415 1260 οὓς
434 1203 466 1272 δὴ
485 1202 529 1255 καὶ
547 1199 657 1274 Τιτῆνας
675 1202 807 1274 ἐπίκλησιν
823 1203 966 1263 καλέουσιν,

371 1302 464 1357 οὕνεκα
481 1303 605 1377 τετάσθην
623 1305 704 1375 μέγαν
723 1301 837 1377 Οὐρανὸν
856 1306 1016 1377 ἀστεροέντα.

106 1404 234 1470 Deinde
257 1407 508 1489 Athenagoram
530 1407 630 1470 ctiam
653 1428 681 1470 e.
700 1411 740 1472 20
756 1431 789 1492 ρ.
804 1396 847 1471 '92
864 1408 933 1490 sq.³
956 1405 1150 1490 Hieronymi
1166 1372 1388 1489 Theogoniam

106 1523 140 1587 in
161 1531 272 1588 mente
294 1525 464 1604 habuisse,
492 1525 557 1589 iam
577 1525 683 1608 prima
702 1527 803 1590 verba
825 1534 1020 1609 argumento
1043 1531 1135 1588 sunt:
1161 1531 1246 1595 Ἐπεὶ
1267 1535 1299 1594 δὲ
1318 1536 1387 1594 τοῦτο

4 1709 12 1724 ‚
105 1654 153 1730 μὲν
168 1653 362 1713 διατεθείκασιν
382 1653 469 1713 αὐτῶν
483 1654 518 1713 τὰ
533 1654 656 1731 σώματα·
678 1655 722 1714 τὸν
737 1656 785 1733 μὲν
794 1652 935 1733 (Ηρακλέα
950 1653 1068 1719 ὅτιθεὸς
1082 1653 1189 1731 δράκων
1203 1653 1318 1728 ἑλικτός,
1336 1652 1388 1717 τοὺς

105 1773 136 1830 δὲ
151 1771 339 1852 ἑκατόγχειρας
355 1770 472 1838 εἰπόντες
486 1777 543 1831 κτλ.
566 1765 664 1827 Quod
680 1764 709 1827 si
723 1765 771 1828 ita
787 1772 849 1842 est,
867 1764 968 1827 etiam
985 1771 1094 1826 cetera
1109 1765 1212 1827 verba
1228 1763 1264 1827 in
1280 1763 1386 1827 eodem

107 1879 214 1963 capite
236 1870 387 1964 apposita
409 1903 449 1945 ex
472 1883 587 1946 eodem
608 1883 701 1947 fonte
722 1884 792 1947 iure
814 1883 992 1947 derivanda
1014 1904 1085 1946 esse
1108 1882 1277 1946 existimo.
1311 1885 1386 1946 Sunt

105 2005 216 2062 aulem
232 2002 350 2063 h800=⁴
374 2008 430 2069 Καὶ
443 2009 481 2076 τίς
497 2010 527 2069 ἂν
547 2009 688 2089 ἅνθρωπος
707 2012 860 2090 κεκριμένος
879 2012 924 2070 καὶ
945 2012 972 2070 ἐν
991 2008 1096 2089 θεωρίᾳ
1116 2014 1234 2086 γεγονὼς
1255 2011 1307 2071 ὑπὸ
1327 2012 1385 2072 θεοῦ

103 2128 258 2206 γεννηθῆναι
272 2127 410 2189 πιστεόσαι
425 2128 529 2211 ἔχιδναν
545 2125 682 2210 (Ὀρφεύς

361 2233 413 2293 Ἂν
433 2241 461 2293 δὲ
480 2239 587 2311 (θοίνηςὗ
605 2239 688 2312 ἄλλην
706 2241 796 2311 γενεὴν
813 2243 958 2292 τεκνώσατο
977 2240 1061 2309 δεινὴν

368 2342 462 2413 νηδύος
480 2341 506 2403 ἐξ
525 2343 604 2414 ἱερῆς,
623 2343 747 2414 προςιδεῖν
765 2343 915 2415 ροβερωττδν
934 2341 1046 2416 ἔχιδναν,

367 2443 399 2514 ἧς
417 2449 508 2517 χαῖται
526 2445 573 2512 μὲν
592 2443 642 2496 ἀπὸ
660 2445 753 2516 κρατὸς
769 2444 849 2498 καλὸν
868 2445 897 2498 δὲ
914 2445 1047 2516 πρόσωπον

368 2547 400 2617 ῆν
419 2547 517 2606 έςιδεῖν,
536 2545 569 2598 τοὶ
588 2546 616 2598 δὲ
634 2546 710 2598 λοιπὰ
728 2547 795 2618 μέρη
814 2548 933 2619 φοβεροῖο
953 2547 1089 2618 δράκοντος

370 2647 479 2722 αὐχένος
498 2648 524 2709 ἐξ
543 2646 634 2720 ἄκρου)

103 2755 217 2833 ἢαότὸν
236 2758 281 2817 τὸν
295 2759 407 2837 Φάνητα
422 2757 534 2832 δέξαιτο,
555 2759 619 2818 θεὸν
635 2754 698 2818 όντα
718 2758 883 2836 πρωτόγονον
904 2753 993 2834 (οὗτος
1006 2761 1057 2838 γάρ
1078 2759 1146 2819 ἐστιν
1161 2752 1195 2819 6⁸
1220 2761 1254 2821 ἐκ
1267 2765 1316 2821 τοῦ
1336 2761 1382 2819 aboi

173 2969 182 3000 ¹
199 2973 257 3022 Huc
275 2989 357 3036 usque
375 2973 562 3022 Lobeokius
587 2973 650 3021 citat
663 2989 693 3038 ρ.
713 2975 772 3021 487.
810 2971 882 3032 Quae
901 2974 1010 3022 subinde
1029 2982 1171 3036 sequuntur
1189 2975 1277 3037 verba,
1293 2993 1323 3041 p.
1342 2976 1380 3022 504

102 3072 155 3106 non
173 3059 256 3107 eidem
275 3058 403 3107 Hellanici
425 3059 591 3121 Theogoniae
617 3059 661 3108 sed
679 3058 834 3122 Rhapsodiis
857 3059 1002 3108 adscribere
1020 3060 1133 3108 videtur!
1158 3059 1254 3110 Nonne
1273 3061 1300 3109 id
1317 3057 1379 3108 nimis

102 3143 227 3191 violenter
250 3159 265 3191 a
288 3143 342 3191 viro
367 3143 516 3192 doctissimo
539 3143 641 3191 aetum?
658 3170 692 3178 -
710 3141 832 3192 Ceterum
853 3144 931 3193 verba
954 3140 1071 3213 προῆλθε
1097 3143 1126 3195 δὲ
1148 3143 1193 3196 καὶ
1212 3141 1275 3202 θεὸς
1295 3139 1315 3196 Γ
1315 3149 1331 3213 ῆ
1350 3137 1380 3192 al

104 3228 223 3293 σώματος
245 3228 283 3276 sic
306 3227 431 3290 intelligo,
458 3237 486 3277 ut
507 3228 585 3277 verba
601 3243 717 3292 premam
738 3227 793 3279 καὶ
810 3224 893 3284 θεὸς.
928 3227 987 3278 Non
1005 3230 1088 3278 solum
1106 3237 1174 3278 terra
1191 3231 1319 3279 natiualis
1336 3227 1380 3295 (γῆ)

103 3312 148 3360 sed
167 3312 243 3361 etiam
262 3312 317 3360 deu
334 3313 415 3362 Terra
433 3309 480 3364 οὐκ
499 3310 525 3372 ἐξ
544 3312 628 3384 ἀρχῆς
646 3313 719 3383 ἦσαν,
739 3315 783 3363 sed
802 3314 869 3363 siout
884 3328 932 3363 nos
946 3329 979 3362 ex
991 3328 1098 3378 corpore
1111 3315 1226 3376 quodam
1239 3323 1311 3364 ortae
1324 3322 1377 3363 snut.

172 3392 183 3424 ²
200 3397 241 3445 De
259 3396 300 3445 his
318 3399 433 3447 versibus
452 3397 485 3446 cf.
506 3412 571 3460 quae
590 3396 667 3448 Otto
686 3401 799 3449 adnotat.

171 3478 263 3547 ⁸A9l.
281 3499 309 3547 p.
331 3487 389 3531 548.
425 3482 618 3546 Athenagoram
637 3502 659 3534 ο.
680 3488 756 3549 3212.
780 3489 826 3534 166
851 3478 883 3532 a'd
906 3499 936 3533 ea
954 3492 1078 3548 spectare,
1103 3499 1170 3547 quae
1187 3484 1239 3534 hoe
1257 3485 1340 3550 capite
1355 3483 1378 3530 de

102 3566 176 3617 Jovis
195 3567 295 3616 incestu
314 3568 470 3637 narraverit„
482 3567 583 3618 abunde
601 3575 679 3631 patet.
700 3567 862 3632 Quapropter
879 3569 947 3617 infra
964 3570 996 3618 de
1014 3570 1063 3618 hoe
1081 3569 1139 3619 loco
1158 3569 1224 3619 nihil
1241 3571 1342 3620 addam.

170 3649 228 3703 ⁴0.
249 3657 282 3700 ιο
298 3670 326 3718 p.
348 3657 394 3713 aa;
413 3652 446 3701 cf.
466 3645 529 3718 Αρι.
545 3671 575 3720 p.
595 3659 654 3702 aaa.

171 3727 250 3788 ⁶”Aa
268 3739 421 3787 mendosum
439 3745 486 3787 est.
523 3737 576 3788 Cur
598 3739 793 3788 Mullaolrins
817 3739 849 3804 (l.
869 3757 892 3789 ο.
907 3756 937 3804 p.
960 3743 1017 3801 171,
1032 3743 1134 3806 fragm.
1159 3741 1241 3800 VIII,
1261 3741 1287 3805 7)
1306 3741 1377 3803 legere

102 3823 220 3871 maluerit
243 3821 287 3872 σὺν
312 3822 341 3874 δὲ
359 3819 462 3892 Φάνης,
487 3825 585 3873 nescio.
621 3824 748 3887 Equidem
772 3825 854 3874 doctis
873 3825 1078 3874 aestimatoribus
1095 3827 1277 3889 proposuerim
1295 3821 1341 3876 Σὺν
1356 3820 1377 3871 δὲ

105 3901 200 3974 Φάνητ’
226 3902 309 3977 ἄλλην
332 3908 400 3968 κτλ,
427 3910 464 3958 ita
487 3916 515 3957 ut
539 3923 630 3958 sensus
655 3910 700 3970 sit,
725 3910 861 3961 Herculem
885 3911 937 3960 sive
962 3907 1094 3960 Chronum
1117 3926 1170 3960 una
1193 3927 1253 3961 eum
1277 3911 1376 3962 Phanete

104 3991 211 4041 alterum
228 3999 330 4055 partum
348 3995 467 4044 edidisse.
499 3993 611 4044 Causam
629 3995 746 4044 lectionis
770 3995 807 4045 ita
824 3997 962 4045 mutandae
979 3995 1046 4046 iufra
1064 3995 1179 4046 afferam.
1210 3997 1265 4061 (De
1283 3997 1377 4048 elisione

103 4074 131 4125 iu
143 4075 195 4126 dat.
210 4075 277 4139 sing.
289 4077 337 4128 III.
351 4079 416 4129 deel.
429 4080 481 4128 iam
494 4080 608 4130 Homero
620 4081 714 4130 usitata
726 4080 759 4129 cf.
772 4081 908 4143 Kriiger‚
922 4082 1086 4132 Homericae
1099 4083 1249 4133 Formlellre
1263 4087 1303 4144 12,
1319 4088 1339 4141 l,
1347 4078 1377 4142 l).

172 4156 307 4209 ⁶Scilicet
331 4162 376 4210 illa
400 4164 476 4224 deus,
504 4165 683 4228 Athenagoras
708 4165 803 4228 iuquit,
832 4181 908 4228 quem
932 4181 1023 4231 supra,
1051 4181 1111 4216 oum
1134 4167 1167 4216 de
1190 4166 1248 4218 Ονο
1271 4163 1377 4217 Herculis

104 4259 216 4308 agerem,
235 4246 318 4308 omisi,
339 4247 400 4310 quia
416 4255 471 4297 tnm
486 4250 511 4298 id
529 4257 628 4301 tantum
644 4250 706 4301 mihi
723 4258 778 4300 erat
793 4252 1027 4312 demonstrandum,
1047 4266 1135 4301 omnes
1153 4253 1217 4302 deos
1234 4267 1269 4304 ex
1282 4249 1378 4302 materia
1420 4298 1422 4307 ,

103 4338 174 4380 ortos
192 4330 289 4380 haberi.
321 4329 398 4391 Quod
416 4346 474 4381 oum
487 4335 518 4383 de
530 4335 641 4385 Hercule
658 4335 742 4400 primo
759 4335 873 4385 omnium
886 4337 934 4385 deo
952 4336 1134 4401 probavissem,
1156 4345 1249 4401 sponte
1267 4346 1377 4402 apparere

1418 4442 1422 4583 l
