2986 4800
788 173 808 230 t

153 381 266 461 partes
289 375 437 439 diversae
453 374 531 453 sint,
555 397 597 436 an
613 374 677 436 duo
696 372 839 437 carmina
858 371 1011 436 omnibus
1027 370 1171 434 numeris
1192 370 1412 454 partibusque
1429 395 1449 436 a

156 517 191 558 se
207 494 416 558 dissentiant.

756 614 785 697 a.
810 616 841 675 a.

242 733 326 796 Cum
342 740 454 796 autem
468 731 691 795 Lobeckius
707 731 849 814 plurima
864 730 963 814 hujus
973 729 1184 812 Theogoniae
1201 728 1346 811 vestigia
1357 731 1447 813 apud

154 853 329 916 Platonem
350 851 510 935 reperisse
533 850 597 914 sibi
618 850 780 928 videatur,
808 852 904 914 abeo
928 849 1096 913 oriendum
1119 856 1182 912 cst.
1229 849 1280 911 Ac
1302 848 1446 930 primum

155 972 288 1055 quidem
302 971 446 1035 omnium
461 970 738 1047 testimoniorum,
757 991 840 1052 quae
856 969 942 1052 apud
959 972 1046 1032 hunc
1063 967 1257 1053 scriptorem
1272 970 1444 1051 leguntur,

154 1091 256 1173 longe
280 1089 512 1174 gravissimum
529 1089 675 1174 Cratyli¹
699 1090 793 1152 locus
816 1096 882 1153 est:
914 1095 1035 1175 Ὅμηρος
1051 1092 1181 1156 Ὠκεανόν
1201 1121 1232 1156 τε
1252 1097 1327 1158 θεῶν
1347 1097 1447 1174 γένεσίν

155 1242 221 1296 φησι
235 1218 280 1278 καὶ
295 1219 400 1297 μητέρα
414 1217 516 1296 Τηθύν·
532 1217 605 1296 οἶμαι
620 1220 651 1278 δὲ
665 1217 710 1276 καὶ
720 1217 856 1283 Ἡσίοδος·
873 1218 943 1293 λέγει
957 1217 987 1276 δέ
1001 1239 1053 1276 που
1068 1216 1113 1276 καὶ
1123 1213 1241 1294 Ὀρφεύς
1255 1216 1295 1276 ὅτι

367 1326 488 1386 Ὠκεανὸς
505 1338 605 1401 πρῶτος
622 1327 775 1400 καλλίῤῥοος
793 1327 854 1400 ἦρξε
873 1329 976 1399 γάμοιο,

369 1431 397 1489 ὅς
416 1431 448 1503 ῥα
466 1432 621 1502 κασιγνήτην
640 1431 793 1503 ὁμομήτορα
811 1427 901 1500 Τηθὺν
920 1428 1005 1482 ὄπυιεν
1024 1433 1061 1496 (p.
1075 1436 1126 1481 402
1138 1432 1186 1493 Β).

239 1532 303 1596 Ηίο
325 1532 490 1616 igiturex
512 1531 654 1596 carmine
680 1533 823 1616 quodam
846 1531 992 1614 Orphicc
1018 1531 1081 1595 duo
1103 1553 1217 1595 versus
1242 1531 1442 1614 allegantur.

156 1652 331 1715 Sed‘inter
354 1657 408 1714 tot
433 1651 594 1714 librorum
616 1650 837 1734 Orphicorum
862 1650 981 1713 titulos
1004 1650 1082 1733 quid
1108 1657 1159 1713 est
1180 1650 1270 1713 istud
1294 1659 1361 1728 πού,
1388 1650 1443 1713 ubi

154 1771 301 1854 inclytus
323 1778 417 1833 vates
433 1772 515 1833 haec
538 1769 679 1833 cecinit?
709 1769 874 1833 Nimirum
891 1769 1084 1853 Theogouia
1105 1777 1219 1833 nostra
1234 1770 1443 1853 rhapsodica,

156 1889 209 1952 cui
230 1889 418 1967 „neminem
440 1891 501 1952 hos
523 1911 637 1952 versus
658 1889 843 1954 adscribere
867 1896 1098 1952 annotaturum
1121 1897 1219 1952 esse“
1239 1896 1352 1972 sperat
1372 1889 1444 1952 Lo-

154 2009 348 2073 beotius*
387 2008 459 2072 Nec
482 2008 576 2072 deest
593 2010 801 2093 conjecturae
824 2008 892 2071 veri
914 2008 1051 2091 species.
1090 2009 1178 2071 Nam
1195 2008 1222 2070 si
1247 2008 1320 2091 quis
1338 2009 1447 2072 omnia

155 2150 238 2212 quae
249 2129 400 2192 feruntur
413 2129 454 2191 ab
466 2128 599 2211 Orpheo
611 2128 735 2211 scripta
745 2128 853 2191 animo
864 2127 1125 2211 perlustraverit,
1144 2128 1273 2190 nullum
1283 2129 1445 2211 aptiorem

155 2249 264 2311 locum
285 2247 424 2312 inveniri
445 2269 542 2331 posse
566 2247 740 2325 concedet,
766 2270 829 2330 quo
845 2246 928 2312 talia
950 2247 990 2311 de
1007 2247 1140 2310 Oceano
1163 2247 1297 2329 eiusque
1320 2247 1445 2330 nuptiis

153 2373 286 2430 narrata
301 2366 435 2445 fuerint,
454 2389 552 2448 quam
562 2365 788 2448 theogeniam.
814 2368 862 2429 At
873 2367 959 2429 unde
976 2374 1124 2449 apparet,
1142 2369 1228 2429 hauc
1239 2389 1312 2430 eam
1329 2366 1443 2444 fuisse,

156 2508 238 2568 quae
254 2485 288 2549 in
303 2484 437 2548 Proculi
453 2485 603 2549 manibus
620 2485 739 2548 fuerit?
769 2489 824 2549 An
839 2485 887 2549 ita
904 2487 1184 2552 concludendum:
1211 2492 1446 2569 argumentum

154 2604 288 2668 illorum
303 2626 457 2692 versuum
473 2604 618 2668 alienum
633 2604 765 2667 videtur
781 2607 821 2668 ab
836 2605 886 2683 iis,
905 2627 988 2688 quae
1006 2607 1045 2669 de
1057 2606 1215 2669 Eudemi³
1233 2613 1268 2669 et
1277 2604 1446 2668 Hellanici

156 2723 347 2806 theogoniis
370 2724 524 2807 Orphicis
549 2723 672 2788 tradita
698 2729 789 2801 suut,
817 2746 895 2807 ergo
920 2724 1089 2788 tribuendi
1112 2725 1347 2810 rhapsodicae?
1380 2725 1448 2789 Sed

223 2875 543 2940 ¹Schaarschmidt,
568 2883 620 2930 Die
645 2881 791 2945 Swmmlamp
815 2883 862 2932 der
885 2883 1068 2932 Platoniechen
1093 2884 1224 2949 Schriften
1248 2882 1332 2946 (Bona
1352 2881 1443 2943 1867),

148 2985 179 3032 p.
199 2971 249 3038 245ι
261 2984 300 3033 sq.
321 2968 397 3016 etiam
411 2966 542 3031 Cratylum
559 2967 674 3030 spurium
691 2968 770 3017 ducit.
803 2968 854 3018 Sed
873 2970 932 3018 illae
952 2970 1125 3031 ‚,interiores“
1145 2984 1209 3030 quas
1227 2974 1300 3017 vocat
1317 2965 1443 3028 rationes,

138 3053 248 3116 ¹quibus
266 3053 329 3101 solis
348 3053 472 3101 adductus
491 3067 548 3100 eam
566 3042 671 3101 molitur
689 3054 825 3116 athetesin,
846 3054 908 3103 satis
925 3055 994 3103 leves
1013 3055 1139 3113 videntur,
1159 3052 1192 3101 cf.
1208 3051 1351 3115 Georgii,
1372 3053 1445 3100 Nece

152 3141 244 3189 Jahrb.
262 3141 315 3204 saer
332 3139 439 3196 Philet„
465 3143 505 3186 38.
525 3140 618 3202 Jahap.
642 3143 716 3199 1868,
731 3157 762 3204 p.
783 3142 831 3188 297
845 3157 893 3204 sq„
918 3145 965 3188 321
979 3156 1018 3203 eq.
1057 3137 1177 3187 Ceterum
1201 3153 1297 3199 exeo,
1323 3137 1390 3200 quod
1415 3138 1443 3185 in

153 3225 244 3272 eodem
269 3224 372 3285 dialogo
390 3241 420 3287 p.
441 3227 491 3271 400
515 3230 540 3271 et
564 3224 595 3272 de
618 3223 790 3287 Orphicorum
813 3225 989 3288 psychogonia
1006 3225 1102 3273 mentio
1121 3226 1161 3284 fit,
1188 3240 1240 3274 non
1259 3223 1443 3286 colligendum,

150 3309 286 3358 Platonem
305 3309 383 3358 etiam
396 3326 426 3373 p.
447 3314 496 3357 402
515 3310 585 3358 idem
604 3324 706 3358 carmen
724 3310 750 3357 h.
771 3325 794 3358 e.
814 3306 927 3365 Τελετάς
948 3311 1103 3373 respexisse.
1140 3309 1194 3358 Nec
1212 3310 1296 3370 video,
1317 3323 1367 3371 quo
1386 3308 1442 3356 iure

152 3392 314 3443 Gisekius
333 3394 364 3458 (l.
385 3412 407 3443 c.
423 3412 453 3458 p.
475 3397 515 3443 79.
535 3393 580 3456 81)
600 3394 754 3442 contendere
772 3395 893 3457 potuerit,
917 3395 986 3443 aliud
1005 3395 1134 3443 distichon
1152 3395 1183 3443 ab
1203 3395 1340 3443 Eustathio
1359 3409 1444 3444 asser·

150 3487 238 3528 vatum
257 3485 315 3542 apte
333 3478 471 3528 cohaerere
489 3493 548 3527 cum
565 3478 697 3527 versiculis
715 3495 731 3527 a
748 3479 856 3528 Platone
873 3480 984 3529 laudatis
1003 3480 1113 3542 ideoque
1131 3487 1253 3543 utrosque
1272 3481 1445 3529 vindicandos

150 3579 207 3613 esse
229 3564 268 3613 illi
290 3562 394 3636 τελετῇ,
421 3578 486 3627 quae
510 3564 586 3612 fuerit
608 3565 640 3613 de
662 3564 736 3613 Jovis
760 3572 786 3614 et
809 3564 921 3614 Junonis
945 3565 1108 3614 commercio.
1145 3565 1275 3613 Eustachii
1301 3567 1375 3615 locus
1400 3566 1443 3613 hic

151 3657 201 3698 eat:
219 3644 328 3721 Ὀρφεὺς
348 3647 374 3700 ἐν
392 3651 431 3718 τῷ
448 3647 506 3718 περὶ
524 3643 581 3704 Διὸς
599 3647 643 3699 καὶ
654 3641 741 3720 Ἥρας
759 3647 822 3719 φησὶ

467 3731 563 3784 κύκλον
582 3729 624 3798 [τ’]
646 3732 781 3801 ἀκοιμόιτοο
799 3731 936 3803 κοιλιῤῥόοο
953 3728 1096 3794 Ὠκεανοῖο,

467 3818 495 3875 ὃς
512 3824 589 3888 γαῖαν
608 3816 688 3890 δίνῃσι
705 3817 776 3890 πέριξ
795 3817 851 3890 ἐχει
869 3816 1029 3888 ἀμφιελὶξος.

217 3904 288 3952 Haec
306 3905 418 3955 Junonis
436 3906 554 3954 videntur
571 3905 649 3954 verba
667 3905 747 3953 fuisse
765 3906 797 3952 ad
817 3904 949 3953 Oceanum
969 3920 996 3953 se
1020 3905 1148 3968 proficisci
1167 3907 1312 3956 simulantis
1333 3908 1381 3972 (cs.
1402 3909 1440 3957 Il.

151 3994 191 4049 14,
212 3993 275 4050 3023
293 3991 356 4053 Agl.
372 4009 402 4055 p.
423 3991 493 4055 607).
532 3989 668 4050 Quomodo
691 3996 775 4037 autem
800 3990 827 4036 in
850 3990 941 4038 eodem
965 3991 1077 4039 carmine
1102 3992 1179 4040 etiam
1197 3993 1297 4040 narrari
1316 3994 1441 4055 potuerit,

149 4074 284 4126 Oceanum
301 4077 412 4139 primum
430 4079 546 4126 omnium
563 4077 666 4140 nuptias
685 4076 787 4138 secisse,
808 4078 927 4139 equidem
944 4092 996 4126 nou
1014 4077 1152 4140 perspicio.

217 4158 308 4226 ”Ape
325 4179 355 4225 p.
376 4167 435 4210 602.

216 4243 227 4274 ³
246 4246 408 4309 Quamquam
426 4247 458 4295 de
475 4247 584 4296 Eudemi
602 4246 755 4310 Theogonis
771 4247 821 4296 hoc
839 4263 890 4296 uon
909 4249 946 4296 ita
963 4249 1046 4311 liquet
1064 4247 1109 4311 (cf.
1131 4262 1196 4310 quae
1214 4248 1302 4311 paullo
1320 4247 1389 4296 infra
1408 4250 1442 4298 de

147 4333 195 4382 hac
212 4347 241 4382 re
261 4333 374 4382 dicturus
393 4332 472 4396 sum).
