2986 4800
344 1262 571 1350 Epimetrnm
588 1266 633 1333 de
650 1264 836 1333 Hellanicl
853 1262 1073 1347 Theogonla.

150 1437 217 1516 lis,
243 1458 325 1521 quae
342 1437 382 1501 de
398 1443 510 1500 vetere
527 1437 673 1520 Orphica
687 1436 879 1520 Theogonia
902 1437 1084 1520 disputavi,
1107 1458 1212 1520 pauca
1233 1435 1353 1500 addere

65 1557 148 1620 libet
174 1557 215 1619 de
237 1555 403 1620 Hellanioi
435 1563 468 1619 et
493 1557 533 1620 de
555 1556 752 1641 rhapsodioa
773 1557 975 1640 Theogonia.
1022 1557 1169 1619 Primum
1189 1555 1292 1638 igitur
1313 1556 1353 1619 de

65 1677 154 1740 illius
177 1684 375 1759 argumento
398 1683 432 1740 et
448 1675 574 1759 origine
591 1677 813 1758 quaerendum
829 1683 889 1744 est.
934 1677 1009 1739 Qua
1027 1675 1062 1739 in
1077 1698 1111 1739 re
1126 1675 1175 1739 ita
1191 1675 1354 1758 discepta-

63 1797 192 1860 tionem
211 1795 401 1874 instituam,
423 1802 461 1859 ut
476 1796 618 1880 primum
635 1818 798 1875 enarrem,
822 1797 878 1880 qui
897 1796 998 1860 fuerit
1019 1796 1089 1879 ejus
1105 1792 1299 1880 progressus
1321 1801 1356 1858 et

64 1915 212 1994 indoles,
235 1915 352 1979 deinde
375 1916 415 1979 ad
437 1915 506 1998 ejus
529 1921 697 1979 auctorem
714 1917 767 1978 vel
784 1922 873 1980 certe
889 1923 1034 1979 aetatem
1056 1923 1090 1979 et
1107 1916 1198 1999 quasi
1215 1915 1355 1999 patriam

64 2034 356 2119 pervestigandam
372 2058 519 2119 pergam.

152 2156 228 2218 Jam
251 2156 344 2218 ante¹
369 2154 577 2232 dictumest,
602 2153 700 2217 etiam
724 2155 974 2237 Athenagoram
994 2153 1187 2237 Hieronymi
1204 2154 1356 2235 Theogo-

69 2277 156 2338 niam
178 2273 212 2337 in
229 2273 453 2337 examinandis
471 2272 625 2356 Orphiois
642 2273 800 2338 doctrinis
818 2273 921 2357 sequi.
967 2274 1013 2336 Et.
1029 2273 1057 2335 si
1073 2272 1145 2356 quis
1161 2275 1356 2355 Athenago-

69 2417 121 2459 rae
140 2402 177 2458 et
192 2393 360 2457 Damascii
376 2395 467 2457 locos
489 2391 536 2456 ibi
556 2392 725 2478 appositos
741 2392 966 2477 perpenderit,
989 2393 1130 2457 fortasse
1144 2390 1358 2456 Damascium

70 2517 306 2596 Athenagorae
327 2512 435 2576 verbis
457 2536 552 2576 usum
574 2534 645 2576 esse
668 2512 920 2596 suspicabitur.’
964 2514 1013 2576 Ut
1032 2520 1070 2575 ut
1090 2515 1154 2576 hoo
1176 2519 1242 2591 est,
1269 2518 1358 2575 certe

70 2634 307 2715 Athenagorae
330 2632 552 2696 narrationem
572 2632 678 2716 magis
702 2631 853 2695 idoneam
877 2654 948 2695 esse
968 2632 1125 2710 arbitror,
1153 2656 1249 2714 quam
1272 2653 1359 2695 nune

69 2775 261 2835 sequamur,
287 2774 360 2815 cum
382 2760 416 2816 et
430 2752 563 2835 longior
578 2751 623 2815 sit
643 2758 677 2815 et
692 2750 873 2834 simplicior
888 2750 1055 2815 Damascii
1071 2750 1234 2834 farragine
1251 2751 1360 2815 omnia

69 2872 109 2935 ad
127 2871 253 2934 triades
270 2893 346 2934 suas
359 2872 557 2935 revocantis.
582 2871 804 2955 Hieronymus
821 2869 923 2953 igitur
934 2872 1114 2955 (Athenag.
1128 2892 1156 2934 o.
1169 2875 1209 2934 18
1219 2894 1251 2955 p.
1266 2875 1304 2935 18
1317 2871 1359 2951 A)

67 2992 117 3055 ita
132 2990 347 3074 genealogias
365 3015 440 3055 suas
456 2991 588 3056 videtur
604 2989 826 3055 adornavisse.
873 2989 1019 3053 Primum
1036 3013 1119 3073 aqua
1135 2997 1216 3067 erat,
1239 3011 1280 3052 111
1295 3011 1359 3072 qua

68 3134 147 3173 mox
167 3110 266 3174 limus
289 3111 423 3175 coaluit.
470 3112 544 3175 Duo
565 3110 668 3194 igitur
688 3109 806 3172 habuit
826 3107 985 3195 principia
1008 3131 1113 3192 neque
1136 3131 1177 3173 ex
1191 3107 1358 3172 Damascii

140 3315 191 3380 ¹§.
212 3323 236 3367 1.

139 3400 362 3467 2Α1111ο1101111
386 3396 437 3454 ’11ν
455 3401 502 3476 γὰρ
522 3400 590 3476 ὕδωρ
610 3401 679 3475 ἀρχὴ
702 3398 758 3455 κατ’
778 3400 854 3455 αὐτὸν
874 3403 940 3466 (1011.
959 3397 1069 3475 Ὀρφέα)
1088 3406 1142 3460 τοῖς
1161 3400 1236 3462 ὅλοις,
1261 3400 1311 3454 ἀπὸ
1331 3401 1359 3454 δὲ

68 3493 114 3539 τοῦ
134 3485 227 3544 ὕδατος
252 3487 305 3545 ἰλὺς
323 3488 451 3558 κατέστη,
477 3487 554 3540 ἐκδὲ
573 3487 703 3560 ἑκατέρων
725 3485 849 3558 ἐγεννήθη
870 3488 934 3548 ζῶον
957 3487 1059 3560 δράκων
1076 3487 1281 3561 πρὸςπεφοκυῖαν
1299 3485 1360 3560 ἔχον

69 3571 189 3644 κεφαλὴν
215 3572 316 3631 λέοντος
341 3573 398 3640 (καὶ
425 3571 509 3643 ἄλλην
532 3572 649 3644 τοὺρου),
681 3570 722 3623 διὰ
746 3573 825 3641 μέσου
851 3573 879 3625 δὲ
904 3572 989 3626 αὐτῶν
1013 3571 1074 3626 θεοῦ
1104 3573 1247 3646 πρόςωπον,
1279 3569 1360 3641 ὄνομα

66 3652 269 3730 Ἡρακλῆςκαὶ
287 3657 391 3730 Χρόνος.
410 3659 578 3709 1)11111011111
599 3654 654 3727 Τὴν
671 3656 760 3730 τρίτην
778 3657 863 3730 ἀρχὴν
881 3656 948 3727 μετὰ
965 3656 1012 3715 τὰς
1030 3657 1075 3710 δύο
1093 3656 1247 3729 γεννηθῆναι
1264 3656 1311 3726 μὲν
1330 3657 1360 3709 ἐκ

69 3743 177 3802 τούτων,
197 3740 289 3799 ὕδατος
301 3743 369 3815 φηρὶ
384 3743 429 3795 καὶ
446 3749 493 3814 γῆς
511 3740 701 3813 (11.011ην11
721 3742 784 3808 ἰλὺς)
803 3742 830 3804 ἐξ
841 3743 873 3814 ἧς
890 3743 974 3815 ἐπάγη
991 3743 1009 3813 ἡ
1026 3750 1059 3814 γῆ
1084 3745 1249 3808 (Damascius
1265 3750 1361 3792 temere

69 3838 153 3879 mutat
171 3829 270 3893 Orphei
289 3830 451 3879 sententiam.
487 3831 536 3879 Illa
555 3830 623 3878 enim
643 3828 696 3886 1111
714 3845 797 3891 neque
820 3835 852 3899 γῆ
872 3839 922 3893 111,
949 3845 1015 3894 quae
1034 3845 1067 3879 ex
1091 3831 1198 3879 dimidia
1217 3830 1264 3878 Ovi
1288 3845 1361 3878 mun·

71 3917 131 3964 dani
150 3916 372 3973 lassescerent,
397 3931 481 3978 neque
500 3910 539 3984 Γῆ
559 3916 620 3975 dea,
645 3930 710 3978 quac
728 3915 851 3965 Phanotis
869 3917 923 3965 filia
939 3916 1038 3964 videtur
1056 3915 1160 3978 fuisse),
1188 3913 1313 3986 δράκοντα
1332 3914 1361 3966 δὲ

71 3998 137 4052 εἶναι
154 3998 272 4071 κεφαλὰς
291 3998 384 4072 ἔχοντα
402 3997 604 4072 προςπερυκοίας
625 3999 718 4070 ταύρου
736 3999 781 4051 καὶ
802 3999 912 4061 λέοντος,
933 4000 960 4052 ἐν
983 4001 1054 4070 μέσῳ
1080 4000 1108 4051 δὲ
1133 3996 1195 4051 θεοῦ
1219 3998 1359 4071 πρόςωπον,

71 4085 142 4159 ἔχειν
161 4086 191 4137 δὲ
209 4085 254 4136 καὶ
277 4086 318 4137 ἐπὶ
336 4094 387 4137 τῶν
407 4087 485 4154 ὤμων
503 4085 597 4157 πτερά,
624 4083 774 4153 ὠνομάσθαι
792 4085 820 4137 δὲ
838 4084 930 4158 χρόνον
949 4085 1078 4156 ἀγήρατον
1100 4084 1145 4136 καὶ
1159 4080 1300 4156 Ἡρακλῆα
1317 4085 1361 4136 τὸν

70 4170 157 4224 αὐτὸν.
196 4172 326 4221 Nonnulla
343 4173 498 4222 Damascius
521 4173 559 4222 vel
578 4173 685 4222 mutarit
703 4173 742 4222 vel
767 4173 865 4220 addidit
883 4187 916 4220 cx
934 4173 985 4220 ulio
1004 4172 1082 4233 libro,
1108 4173 1152 4221 sed
1171 4174 1251 4221 multa
1273 4172 1311 4220 ita
1328 4172 1360 4219 ad

70 4259 177 4335 ycrbum
196 4266 353 4321 congruunt,
378 4259 614 4318 111151111111111,
640 4258 661 4307 si
680 4274 741 4307 01111
760 4259 811 4306 duo
835 4256 973 4320 scriptores
992 4259 1098 4307 eandem
1122 4272 1176 4306 rem
1198 4257 1287 4305 iisdem
1307 4254 1360 4303 fere

70 4346 155 4395 verbis
174 4344 355 4394 narravissent.

1129 4429 1146 4470 6
