2986 4800
690 199 730 260 53

624 285 795 294 ———-

59 408 155 463 recte
174 397 346 482 intelligo,
368 399 573 483 Philoponus
595 399 629 463 in
645 399 838 464 Aristotelis
860 400 952 464 libris
974 402 1015 464 de
1033 402 1250 485 Philosophia
1269 402 1352 466 nihil

63 527 237 603 praeterea
260 518 394 582 videtur
417 518 599 597 invenisse,
623 519 686 582 nisi
713 521 800 602 quod
826 520 1002 603 Stagirites
1027 521 1174 605 Orphica
1198 521 1352 601 carmina,

62 660 148 722 quae
160 638 265 721 vulgo
278 638 481 717 ferebantur,
497 640 538 702 ab
552 638 624 722 ipso
637 638 790 703 fabuloso
805 641 951 724 Orphe0,
964 641 1019 722 qui
1031 663 1210 724 numquam
1223 641 1352 720 luisset,

62 757 262 843 pernegavit
278 756 401 842 scripta
417 779 500 822 esse.
536 758 635 821 Ouod
654 758 883 823 testimonium
904 759 1029 845 duplici
1048 760 1145 822 modo
1167 767 1280 844 potest
1300 783 1354 824 ac·

63 878 141 963 cipi.
176 880 260 941 Aut
275 876 360 941 enim
377 877 579 942 Aristoteles
596 877 748 942 similiter
768 887 868 961 atque
885 879 1075 943 Herodotus
1092 880 1155 961 (II,
1174 883 1225 962 53)
1245 879 1354 943 dicere

62 998 184 1076 voluit,
201 997 295 1061 nulla
311 1006 441 1061 exstare
458 1007 522 1084 ἔπη,
535 1019 619 1080 quae
635 998 676 1061 ab
690 999 824 1081 Orpheo
841 999 913 1082 ipso
929 1001 963 1062 h.
976 1022 1005 1063 e.
1018 999 1078 1062 illo
1094 1007 1193 1083 poeta
1208 999 1354 1062 celeber·

61 1118 145 1183 rimo
169 1123 204 1181 et
226 1116 407 1199 secundum
423 1117 579 1201 vulgares
595 1117 766 1202 opiniones
785 1119 966 1182 Homerum
987 1125 1022 1181 et
1040 1118 1223 1182 Hesiodum
1245 1125 1354 1182 aetate

62 1238 171 1301 multo
195 1237 414 1300 antecedente
431 1237 615 1320 composita
630 1245 753 1300 essent.
786 1237 880 1300 Ouae
896 1238 924 1300 si
946 1244 1016 1301 erat
1032 1237 1212 1315 sententia,
1234 1238 1355 1301 nihilo·

62 1355 174 1419 minus
202 1362 354 1418 veterum
378 1355 599 1439 Orphicorum
629 1355 773 1421 carmina
801 1357 885 1419 bene
915 1355 944 1420 ei
977 1357 1182 1439 distinguere
1211 1355 1306 1419 licuit
1335 1380 1355 1420 a

63 1497 227 1538 novorum
242 1473 460 1558 impostorum
476 1475 601 1539 libellis
617 1475 815 1539 subditiciis.
844 1478 927 1540 Aut
943 1476 1052 1539 omnia
1068 1475 1214 1560 Orphica
1230 1475 1353 1558 scripta
1382 1464 1388 1473 ⁴

68 1593 216 1677 quamvis
233 1593 321 1657 inter
337 1616 372 1658 se
388 1593 517 1659 diversa
534 1594 568 1659 in
584 1596 723 1660 eandem
739 1595 884 1680 conjecit
900 1596 1051 1679 capulam
1070 1617 1172 1678 eaque
1194 1594 1264 1658 sine
1275 1595 1354 1688 ‘ulla

65 1712 262 1797 exceptione
288 1713 430 1777 conficta
453 1714 585 1798 putavit
610 1716 651 1778 ab
677 1715 839 1798 ejusmodi
864 1714 1097 1799 scriptoribus,
1124 1715 1238 1798 quales
1262 1713 1354 1777 fuere
1385 1689 1390 1697 Ι
1435 1749 1442 1760 ·

63 1831 317 1911 Onomacritus,
340 1832 499 1918 Cercops,
522 1835 704 1899 Brontinus
723 1834 855 1918 aliique.
888 1835 1034 1899 Ouarum
1056 1834 1296 1914 sententiarum
1315 1840 1355 1897 ut
1377 1827 1381 1834 ¹

63 1953 197 2017 credam
221 1952 441 2016 Aristotelem
464 1953 558 2017 illam
582 1955 770 2037 amplexum
794 1976 876 2031 esse,
903 1976 941 2017 ea
963 1976 998 2017 re
1021 1955 1181 2031 adducor,
1207 1954 1295 2037 quod
1319 1953 1354 2016 in

61 2071 323 2156 Metaphysicis,
346 2072 404 2136 ubi
422 2080 535 2156 aperte
556 2095 689 2136 carmen
709 2073 875 2156 quoddam
896 2073 1134 2155 theogonicum
1156 2073 1226 2154 ejus
1248 2072 1353 2134 oculis

61 2193 322 2271 obversabatur,
345 2214 412 2255 non
435 2192 652 2276 contemptim
674 2192 715 2255 de
736 2203 908 2279 καλουμένοις
924 2197 1061 2279 Ὀρφικοῖς
1081 2199 1170 2258 ἔπεσιν
1192 2190 1351 2272 loquitur,

61 2312 120 2374 sed
130 2310 274 2394 ubique¹
291 2321 551 2398 τοὺςπαμπαλαίους
564 2321 610 2381 καὶ
624 2321 692 2380 πολὺ
707 2322 759 2399 πρὸ
774 2327 823 2398 τῆς
836 2325 880 2381 νῦν
893 2320 1023 2397 γενέσεως
1036 2319 1081 2378 καὶ
1094 2319 1215 2396 πρώτους
1223 2320 1353 2397 θεολογή-

61 2463 159 2505 sowa<
175 2431 228 2494 vel
243 2439 306 2506 τοὺς
319 2441 433 2518 ποιητὰς
446 2440 508 2506 τοὺς
523 2441 651 2522 ἀρχαίους
665 2431 699 2494 in
715 2454 770 2495 ore
785 2432 904 2507 habet,
926 2429 974 2492 ita
989 2437 1028 2492 ut
1043 2427 1141 2492 facile
1158 2428 1349 2509 sentiamus,

61 2550 284 2614 Aristotelem
309 2571 437 2627 eorum,
465 2572 549 2633 quae
576 2551 693 2615 antea*
723 2551 843 2614 dixerit
872 2548 906 2610 in
934 2547 1028 2611 libris
1057 2549 1098 2611 de
1122 2528 1371 2643 Philosophia,

61 2690 245 2734 memorem
261 2691 376 2733 cavere
390 2669 530 2753 quidem
536 2717 547 2748 ,
570 2692 611 2734 ne
630 2669 724 2732 illam
742 2675 884 2752 θεολογίαν
899 2666 1078 2750 Orphicum
1099 2666 1164 2749 ipsi
1183 2666 1351 2757 adscribat

27 2786 36 2796 ’
62 2790 210 2874 Orpheo,
227 2811 289 2853 nec
304 2760 417 2852 tamen
434 2788 602 2866 dubitare,
624 2787 703 2870 quin
719 2786 748 2849 ei
764 2807 924 2848 summam
941 2785 1175 2868 antiquitatem
1190 2786 1348 2850 vindicet.

62 2909 137 2973 Oua
154 2909 196 2972 de
213 2930 312 2972 causa
328 2930 458 2987 censeo,
476 2907 601 2973 eumin
616 2904 708 2968 libris
726 2905 766 2968 de
782 2904 905 2968 Anima
921 2911 955 2967 et
971 2904 1011 2967 de
1028 2904 1230 2968 Animalium
1249 2927 1350 2988 gene·

60 3027 191 3091 ratione
207 3050 274 3091 non
290 3027 399 3092 omnia
416 3026 560 3110 Orphica
577 3023 720 3088 carmina
738 3031 892 3110 καλούμενα
911 3045 1044 3103 vocare,
1066 3025 1125 3088 sed
1146 3045 1184 3087 ea
1203 3029 1348 3104 tantum,

61 3169 101 3210 ex
122 3146 245 3231 quibus
266 3154 337 3210 tum
360 3146 446 3210 forte
471 3138 629 3208 nonnulla
654 3143 871 3226 excerpserit,
893 3165 1041 3226 quaeque
1066 3167 1085 3206 a
1105 3142 1349 3227 Pythagoricae
1398 3176 1401 3182 ·

61 3274 175 3330 sectae
191 3265 377 3331 fautoribus
394 3263 581 3347 conscripta
597 3276 668 3326 esse
687 3260 785 3326 facile
807 3283 848 3325 ex
869 3261 1028 3325 doctrinis
1049 3262 1142 3326 iniis
1164 3240 1349 3351 conspicuis
1421 3294 1425 3302 ·

130 3592 140 3620 ¹
159 3595 225 3643 Μαι.
245 3594 268 3651 Ι,
288 3597 312 3652 3,
328 3609 358 3657 ρ.
379 3560 457 3641 oeae
474 3595 521 3650 283
549 3592 590 3649 Π,
609 3596 634 3650 4,
649 3607 679 3655 ρ.
702 3574 767 3638 roco
780 3607 797 3640 ο
815 3596 845 3651 e;
868 3592 935 3648 ΧΠ,
955 3568 1024 3656 ap.
1047 3594 1110 3641 ιοιι
1126 3593 1139 3640 ι
1157 3551 1305 3650 αιραῑιν,
1323 3547 1359 3649 ιζ.

53 3697 83 3744 p.
107 3680 252 3740 1091b43
277 3679 309 3727 ci.
329 3680 420 3737 Plato,
441 3679 544 3727 iheoet.
560 3695 590 3742 p.
614 3678 659 3725 179
673 3678 712 3724 E:
734 3669 884 3746 ‘Opn'peicra
901 3673 951 3726 aul
965 3673 1003 3726 ἔτι
1026 3675 1214 3743 παλαιοτέρων,
1238 3673 1283 3721 ubi
1301 3671 1350 3721 Or·

56 3765 157 3828 pheum
175 3763 314 3827 significari
331 3771 405 3826 putat
421 3763 610 3811 Lobeckius
629 3763 703 3826 (Api.
719 3779 749 3827 p.
770 3761 842 3826 948).

129 3846 247 3899 'Etiam
264 3851 418 3910 Eudemum,
439 3847 585 3897 Aristotelis
609 3847 772 3909 discipulum,
792 3846 889 3910 Orphei
911 3846 1067 3908 theologiam
1088 3843 1286 3892 vetustissimam
1302 3844 1347 3893 ha·

57 3937 158 3995 tuisse,
178 3935 226 3984 etsi
243 3935 361 3998 magistri
379 3934 473 3982 librum
491 3933 522 3982 de
540 3932 709 3995 Philosophia
728 3933 783 3981 sine
799 3932 880 3980 dubio
897 3932 996 3994 legerit,
1016 3945 1049 3979 ex
1066 3920 1349 3980 nonnullis'Damascii

56 4021 125 4072 locis
145 4021 177 4084 (l.
197 4038 219 4070 c.
235 4038 265 4085 p.
286 4025 349 4068 ³82:
371 4014 406 4069 ‘H
431 4017 461 4068 δὲ
483 4015 553 4087 παρὰ
576 4019 615 4086 τῷ
639 4013 838 4086 Περιπατητικῷ
863 4012 980 4083 Εὐδήμῳ
1005 4013 1220 4084 ἀναγεγραμμένα]
1246 4016 1281 4072 ὡς
1303 4020 1349 4067 τοῦ

55 4101 179 4178 Ὀρφέως
196 4101 259 4155 οὖσα
282 4100 418 4172 θεολογίας
438 4121 468 4169 p.
488 4107 547 4164 393,
571 4102 616 4150 ubi
639 4099 708 4152 κατὰ
731 4100 779 4169 τὴν
798 4097 922 4168 Εὐδήμου
941 4096 1050 4169 ἱστορίαι
1067 4100 1228 4152 Aeusilaiet
1244 4102 1349 4169 Epime-

57 4192 129 4240 nidis
149 4190 310 4253 aliorumque
334 4198 360 4239 et
378 4188 535 4240 Graecorum
555 4194 581 4235 et
597 4187 764 4237 barbarorum
787 4185 966 4247 theologorum
983 4186 1103 4248 dogmata
1121 4193 1293 4249 exponuntur,
1313 4185 1346 4235 oi.

54 4295 85 4341 ρ.
107 4280 168 4336 384,
189 4274 251 4339 385)
269 4274 458 4338 assequendum
477 4280 524 4332 est,
549 4272 642 4335 quibus
660 4270 804 4319 Eudemum
822 4268 1008 4320 vetustissimos
1031 4270 1155 4333 cujusque
1175 4271 1260 4334 gentis
1277 4271 1348 4319 theo·

57 4362 134 4424 logos
153 4361 180 4410 in
199 4375 247 4409 sua
264 4360 381 4408 Historia
398 4357 561 4408 recensuisse
579 4363 710 4429 appareat.
791 4414 797 4423 ι
1280 4350 1307 4378 ,-
