2986 4800
623 188 793 284 Α

63 387 354 470 argumentatioue
369 410 460 450 usus.
487 388 676 466 Pausanias,
694 388 752 451 ubi
768 389 808 452 de
824 396 936 453 statua
952 391 1059 475 Anyti
1074 391 1201 456 Titanis
1218 393 1252 456 iu
1266 399 1349 456 tem·

62 508 118 592 plo
135 515 283 592 Λεοποίνρς
296 506 407 589 posita
423 506 575 571 edisserit
591 508 707 592 (VIII,
724 511 793 592 37),
817 510 898 572 haec
915 509 1023 573 addit:
1047 518 1125 597 Παρὰ
1144 517 1265 600 Ὁμήρου
1276 518 1351 582 Ὀνο-

62 637 191 714 μάκριτος
210 638 376 712 παραλαβὼν
396 643 450 696 τῶν
470 637 589 696 Τιτάνων
607 636 638 695 τὸ
659 631 747 714 ὄνομα
766 636 883 715 Διονύσῳ
903 660 934 697 τε
955 639 1099 716 συνέθηκεν
1122 635 1198 717 ὄργια
1221 640 1266 700 καὶ
1289 618 1353 700 εἶναι
1400 680 1410 698 .

62 753 162 821 αὐτοὺς
180 758 222 831 τῷ
243 752 360 832 Διονύσῳ
380 761 433 815 τῶν
458 755 630 832 παθημάτων
653 756 778 833 ἐποίησεν
797 756 965 835 αὐτουργούς.
1008 749 1098 813 Haec
1123 751 1226 834 igitur
1251 752 1351 814 verba

62 863 287 928 Lobeclrius
302 863 350 928 ita
366 864 496 950 accipit,
515 866 609 948 quasi
625 868 858 931 Onomacritus
875 867 976 931 sacris
991 869 1163 933 Bacchicis
1179 877 1251 933 tum
1266 876 1350 934 tem-

62 984 152 1068 poris
171 983 237 1047 iam
260 984 384 1047 dudum
404 985 493 1048 notis
522 993 557 1049 et
583 986 776 1050 inveteratis
804 1010 925 1050 novum
954 989 1118 1071 quendam
1146 990 1289 1053 colorem
1316 995 1351 1053 et
1461 1024 1466 1030 ·

63 1103 208 1188 speciem
233 1103 401 1168 induxerit
424 1104 637 1189 fabulamque
665 1106 706 1170 de
731 1106 871 1191 Dyonisi
899 1108 999 1171 caede
1026 1108 1191 1172 addiderit
1218 1109 1351 1173 sceleris

63 1223 257 1287 auctoribus
268 1223 446 1287 Titanibus
463 1223 574 1287 lactis.
608 1226 725 1309 Neque
743 1226 993 1289 Onomacritum
1009 1227 1044 1290 in
1059 1227 1178 1291 ritibus
1194 1229 1351 1292 innovan-

63 1344 115 1406 dis
132 1341 348 1426 acquievisse,
366 1344 541 1408 sedetiam
557 1366 689 1409 carmen
705 1344 885 1429 scripsisse,
898 1346 985 1428 quod
1001 1346 1095 1408 illam
1110 1346 1258 1409 fabulam
1275 1370 1351 1413 con·

63 1461 213 1540 tinuerit,
229 1483 267 1525 eo
284 1461 440 1526 videlicet
457 1464 607 1543 consilio,
621 1471 660 1527 ut
675 1464 807 1528 illorum
823 1486 957 1528 sensum
972 1466 1153 1548 explicaret
1170 1474 1204 1530 et
1219 1466 1350 1550 scriptis

66 1581 175 1646 verbis
191 1581 445 1647 diuturnitatem
461 1584 528 1647 suis
546 1584 703 1648 conflaret
720 1583 895 1647 institutis.
927 1584 969 1647 Id
985 1585 1073 1667 quod
1088 1585 1164 1648 inde
1182 1607 1348 1669 apparere,

65 1702 153 1784 quod
175 1701 383 1780 „Pausanias
408 1703 477 1766 eius
502 1703 595 1786 orgia
619 1712 654 1768 et
678 1712 730 1790 ἔπη
756 1702 804 1767 sic
829 1711 1023 1782 connectat,
1050 1711 1088 1767 ut
1111 1711 1225 1788 pateat
1248 1728 1350 1768 unum

64 1821 165 1886 alteri
181 1821 489 1886 coniunctissimum
507 1822 650 1887 fuisse.“
680 1823 771 1887 Haec
792 1831 904 1887 autem
924 1833 976 1909 ἔπη
997 1824 1058 1887 sub
1076 1824 1201 1908 Orphei
1219 1825 1351 1889 nomine

63 1941 155 2004 edita
172 1963 243 2004 csse
261 1941 439 2025 eademque
459 1942 561 2005 fuisse
577 1943 804 2026 Theogoniam
820 1951 966 2007 nostram
985 1951 1160 2027 propterea
1175 1944 1351 2008 verisimile

63 2083 147 2137 esse,
169 2061 258 2144 quod
273 2060 390 2140 „illam
408 2062 565 2140 fabulam,
584 2085 681 2146 quam
698 2062 877 2125 Pausanias
894 2062 934 2125 ab
953 2062 1166 2126 Onomacrito
1183 2064 1352 2127 inventam

62 2181 171 2259 dicat,
198 2180 232 2244 in
259 2182 451 2265 Theogonis
480 2181 625 2265 Orphica
648 2203 754 2265 neque
781 2203 921 2264 usquam
948 2180 1029 2244 alibi
1056 2189 1241 2244 enarratam
1268 2182 1350 2245 scia·

61 2301 195 2364 mus“.¹
226 2301 290 2363 Est
305 2308 417 2363 autem
433 2301 636 2385 Theogonia,
655 2325 753 2385 quam
768 2302 851 2365 Lob
862 2301 1003 2365 eckius
1024 2300 1121 2378 dicit,
1142 2301 1348 2384 rhapsodica,

61 2422 110 2484 ita
130 2427 170 2483 ut
190 2420 241 2484 vir
262 2420 567 2504 praestantissimus
587 2390 717 2506 prdprie
738 2422 785 2485 sic
805 2420 994 2484 ratiocinari
1013 2421 1175 2485 videatur.
1209 2422 1351 2484 Onoma-

62 2541 168 2604 critus
188 2539 223 2603 in
243 2549 319 2610 ἔπεσι
339 2541 406 2603 suis
428 2540 467 2603 de
487 2540 614 2625 Zagrou
634 2541 736 2604 verba
755 2542 848 2604 facit.
879 2541 973 2604 Idem
995 2541 1076 2604 deus
1097 2548 1267 2624 praeterea
1286 2563 1352 2604 non

61 2659 125 2723 nisi
146 2659 181 2722 in
204 2659 403 2744 Rhapsodiis
425 2659 579 2723 occurrit.
612 2660 718 2743 Atqui
739 2660 949 2744 Rhapsodiac
971 2682 1038 2723 nou
1060 2658 1209 2723 diversae
1232 2667 1311 2736 sunt
1333 2681 1351 2722 a

61 2775 175 2844 vetere
198 2779 344 2863 Orphica
365 2780 569 2862 Theogonis.
606 2781 696 2862 Ergo
717 2777 967 2863 suspicandum,
990 2778 1048 2841 illa
1070 2788 1121 2865 ἔπη
1143 2780 1228 2841 hanc
1249 2778 1350 2841 fuisse

61 2899 302 2983 Theogoniam.
336 2899 401 2962 Sed
417 2899 505 2962 unde
522 2907 664 2976 certum,
687 2898 721 2962 in
736 2873 943 2981 Rhapsodias
963 2898 1045 2961 nihil
1066 2898 1246 2961 admissum
1266 2920 1349 2976 esse,

62 3019 142 3102 quin
159 3019 224 3081 iam
240 3018 274 3082 in
283 3000 401 3083 'vetere
415 3019 608 3102 Theogonis
622 3017 809 3081 exstiterit?
833 3018 953 3080 Nonne
966 3040 1064 3100 supra
1077 3017 1229 3094 vidimus,
1244 3018 1350 3079 multa

61 3139 94 3202 in
111 3161 168 3203 eas
184 3147 318 3223 recepta
334 3160 421 3217 esse,
445 3160 527 3221 quae
543 3138 649 3222 magis
666 3159 741 3201 cum
757 3136 1006 3220 Hieronymiani
1023 3159 1119 3219 quarn
1136 3136 1263 3219 antiqui
1282 3158 1350 3199 car-

61 3259 161 3322 minis
183 3265 298 3322 tenore
321 3265 355 3322 et
376 3259 488 3322 indole
511 3257 757 3322 consentirent?
791 3255 880 3318 Ouid
901 3255 1005 3339 igitur
1026 3257 1155 3334 obstat,
1178 3256 1351 3338 quominus

61 3377 330 3463 Rhapsodiarum
346 3387 515 3442 auctorem
531 3377 680 3441 fabulam
695 3377 736 3441 dc
752 3383 858 3440 morte
874 3375 999 3439 Bacchi
1018 3398 1084 3439 non
1104 3397 1145 3451 ex
1159 3374 1351 3459 Theogonia

62 3497 226 3582 Orphica,
245 3498 302 3560 sed
320 3519 360 3561 ex
376 3498 527 3581 quolibet
543 3497 607 3560 alio
625 3497 770 3580 Orphico
788 3495 872 3559 libro
890 3495 930 3559 ab
948 3496 1160 3560 Onomacrito
1178 3494 1348 3578 supposito

61 3617 307 3702 deprompsisse
324 3618 486 3696 dicamus,
509 3615 536 3679 si
553 3638 636 3701 quae
651 3623 801 3680 veterum
819 3615 1018 3699 scriptorum
1037 3614 1228 3678 testimonia
1248 3611 1348 3675 alium

59 3735 159 3802 nohis
181 3737 315 3800 illorum
338 3735 544 3800 Onomacriti
565 3745 637 3804 ἐπῶν
655 3735 793 3798 titulum
814 3741 997 3818 suggerant
1021 3740 1119 3816 atquc
1141 3730 1349 3814 Theogoniac

58 3841 363 3939 velpThcologiae?
402 3856 462 3919 Ait
484 3861 595 3918 autem
618 3854 755 3918 Suidas’
776 3855 811 3918 in
833 3855 987 3936 catalogo
1010 3850 1207 3934 scriptorum
1229 3849 1349 3933 Orphi-

59 3999 193 4042 corum:
217 3984 382 4064 Χρησμούς,
402 3985 430 4046 ol
444 3985 617 4063 ἀναφέρονται
633 3980 670 4050 εἰς
681 3979 886 4061 Ὀνομάκριτον·
908 3981 1042 4069 Τελετοίς·
1063 3979 1163 4058 ὁμοίως
1177 3980 1208 4040 δέ
1223 4002 1287 4058 φασι
1305 3978 1350 4039 καὶ

132 4181 224 4248 ¹A9l.
240 4201 271 4249 p.
291 4189 348 4247 3³5,
370 4189 428 4233 693.
465 4183 572 4233 Nouuus
596 4183 677 4231 multa
702 4183 733 4231 dc
751 4183 851 4245 Zagreo
869 4187 964 4239 narrat,
989 4180 1034 4228 sed
1053 4194 1083 4229 ca
1100 4193 1153 4228 non
1170 4180 1255 4227 minus
1275 4191 1351 4240 quum

56 4271 128 4320 Novi
146 4269 274 4318 Platonici
293 4285 327 4320 cx
344 4269 499 4333 Rhapsodiis
517 4268 622 4318 duxisse
640 4268 749 4318 videtur.

131 4352 142 4384 ¹
162 4354 190 4404 S.
211 4371 234 4405 v.
251 4351 370 4426 Ὀρφεύς.
