2986 4800
622 181 792 275 *as-

63 405 137 446 eum
160 404 200 446 eo
223 403 328 467 paene
350 386 601 461 commutatur,¹
625 383 665 446 ab
687 383 759 468 ipso
780 383 876 447 initio
898 384 1008 468 posita
1029 385 1192 451 videatur.
1219 426 1251 437 -
1276 390 1353 453 Jam

60 503 213 586 sequitur
237 502 380 565 Phanes.
426 501 477 565 De
502 524 566 584 quo
596 523 669 565 cum
693 502 757 565 iam
786 510 885 567 antea
912 503 1050 568 dixerim
1074 513 1109 569 et
1133 506 1218 570 infra
1246 508 1352 572 fusius

59 622 302 685 dissertaturos
318 620 391 698 sim,
414 619 530 685 stat-im
545 643 597 684 me
619 621 732 685 adeas
753 629 864 705 partes
881 631 1083 702 convertam,
1107 647 1190 707 quae
1206 627 1352 691 Noctem

59 742 322 824 subsequuntur.

146 861 188 924 In
214 859 266 923 his
291 859 395 943 igitur
415 883 482 924 non
506 883 579 924 rara
599 860 742 943 vestigia
765 860 979 926 inveniuntur
1004 862 1211 946 cognationis
1236 863 1350 927 simili·

58 980 254 1062 tudinisque
275 979 363 1043 inter
377 979 480 1042 libros
502 981 677 1043 aPlatonc
698 988 733 1043 et
747 981 889 1043 Proculo
910 981 1028 1045 lectos.
1067 982 1200 1046 Etenim
1221 990 1351 1066 praeter

58 1100 156 1162 illum
179 1101 346 1163 Phoroum
364 1098 516 1163 'Pitanem
537 1106 572 1162 et
587 1100 730 1162 Noctem
752 1100 915 1163 ambobus
938 1100 1138 1184 singularem
1160 1101 1195 1166 in
1216 1103 1351 1167 modum

57 1240 254 1282 communes
270 1217 371 1281 etiam
391 1225 466 1282 tota
481 1218 678 1302 genealogia
698 1240 718 1281 a
733 1218 842 1282 Nocte
858 1242 963 1302 usque
984 1220 1026 1282 ad
1041 1221 1061 1283 J
1064 1220 1134 1284 ovis
1154 1221 1277 1285 liberos
1293 1222 1350 1285 de·

58 1339 164 1401 ducta
185 1358 288 1422 paene
310 1335 462 1401 omnibus
478 1337 621 1401 numeris
644 1337 809 1419 congruit.
846 1338 981 1402 Mutata
1002 1340 1134 1402 suntin
1150 1340 1350 1423 Rhapsodiis

59 1457 233 1536 nonnulla,
255 1478 339 1540 quae
355 1457 397 1520 ad
414 1458 583 1521 Oceanum
599 1462 634 1520 et
649 1456 781 1540 Tethyn
802 1456 1024 1539 pertinebant.
1062 1459 1184 1521 Eorum
1207 1458 1291 1521 enim
1314 1458 1350 1522 in
1372 1471 1390 1505 θ

62 1582 178 1638 vetere
199 1575 281 1640 libro
303 1575 502 1660 peculiarem
525 1575 713 1660 dynastiam
734 1574 847 1654 fuisse,
870 1575 934 1641 iam
954 1599 1053 1661 supra
1074 1577 1261 1660 expositum
1283 1584 1346 1641 est.

60 1696 139 1758 Oua
163 1695 205 1758 de
228 1717 327 1759 causa
350 1703 468 1780 postea
493 1695 667 1773 exciderit,
694 1717 773 1759 sane
797 1703 951 1760 accurate
975 1696 1084 1760 dicere
1109 1718 1176 1761 non
1199 1718 1346 1781 possum.

58 1813 126 1876 Sed
149 1813 228 1896 quid
249 1814 401 1879 adrem?
432 1814 543 1878 Etiam
564 1814 597 1893 ii,
624 1814 680 1898 qui
702 1836 774 1878 oum
791 1815 962 1879 Lobeckio
982 1816 1190 1900 Rhapsodias
1215 1837 1348 1899 prorsus

57 1956 125 1996 non
157 1933 343 2018 discrepare
373 1956 449 1997 cum
478 1940 590 1997 vetere
620 1934 811 2017 Theogonia
842 1942 1010 2014 statuunt,
1046 1935 1103 1998 vix
1131 1934 1351 2019 probabiliter

58 2052 225 2136 explicare
250 2060 422 2138 poterunt,
455 2053 619 2136 quomodo
644 2053 677 2115 id
705 2053 831 2117 factum
856 2052 915 2132 sit,
947 2054 1011 2117 nisi
1036 2061 1152 2118 eontra
1175 2053 1350 2137 perspicua

56 2172 211 2236 Platonis
221 2171 341 2236 verba'
359 2174 662 2237 Oceanumhonore
672 2178 707 2236 et
716 2172 902 2256 principatu
912 2172 1040 2256 privare
1055 2172 1205 2236 conaturi
1215 2172 1293 2235 sint.
1310 2208 1343 2219 -

58 2291 190 2356 Deinde
207 2312 291 2373 quae
307 2291 349 2355 ad
365 2290 513 2355 fabulam
533 2291 574 2354 de
590 2290 760 2355 Minervae
777 2298 852 2355 ortu
868 2298 1033 2374 spectant,
1055 2291 1174 2376 partim
1191 2291 1233 2355 ab
1248 2293 1348 2373 rhap-

58 2410 193 2474 sodicae
204 2411 416 2494 Theogoniae
432 2417 566 2503 auctore
583 2417 711 2475 mutata
719 2410 841 2495 partim
856 2410 988 2495 integra
998 2419 1032 2476 et
1042 2411 1170 2475 sincera
1185 2410 1348 2473 duxerim.

57 2529 168 2594 Metin
179 2529 279 2610 enim,
290 2530 459 2594 Minervae
471 2536 621 2608 matrem,
639 2530 740 2594 etiam
750 2530 782 2592 in
799 2538 911 2594 vetere
923 2531 1066 2595 carmine
1082 2529 1347 2616 praetermissam

59 2651 151 2712 esse⁸
169 2656 343 2734 propterea
364 2648 445 2713 mihi
462 2649 619 2713 credibile
635 2671 700 2712 non
717 2655 779 2726 est,
802 2650 889 2732 quod
907 2650 1059 2734 Orpheus
1075 2650 1259 2713 Minervam
1281 2670 1349 2711 non

60 2789 101 2831 ex
118 2768 252 2832 Oceano
270 2768 322 2832 vel
338 2768 505 2833 rivusculo
522 2768 664 2852 quodam
681 2769 818 2846 ortam,⁴
844 2768 901 2832 sed
918 2768 959 2832 ab
976 2767 1048 2851 ipso
1064 2769 1085 2830 J
1087 2789 1147 2831 ove
1162 2774 1257 2850 patre
1272 2789 1347 2850 pro·

58 2896 205 2970 creatam
222 2886 374 2951 similiter
389 2895 488 2971 atque
499 2886 675 2965 Hesiodus,
693 2886 903 2951 Stesichorus
913 2887 1034 2970 aliique
1044 2885 1175 2949 videtur
1185 2885 1347 2949 linxisse.⁵

57 3007 158 3071 Quod
175 3006 204 3069 si
223 3006 271 3071 ita
287 3013 350 3087 est,
372 3006 522 3091 profecto
539 3007 619 3070 mire
642 3005 776 3070 fecisset
791 3013 888 3070 uetus
904 3013 1009 3085 vates,
1033 3005 1062 3069 si
1077 3004 1208 3069 fabulae
1230 3024 1347 3067 seeun-

56 3127 134 3189 dam
151 3134 281 3210 partem
295 3126 508 3204 narravisset,
525 3125 665 3211 primam
680 3132 802 3204 autem,
821 3147 904 3208 quae
920 3133 973 3189 est
989 3126 1029 3190 de
1045 3124 1182 3189 Metidis
1199 3121 1348 3206 cataposi

56 3266 209 3329 quaeque
232 3245 446 3329 sequentibus
469 3245 562 3328 quasi
583 3245 799 3308 fundamento
822 3251 923 3308 estet
939 3243 1169 3328 explicationi,
1192 3243 1261 3306 sine
1277 3242 1349 3305 ulla

55 3364 188 3427 ratione
212 3364 413 3428 reticuisset.
459 3364 593 3428 Etenim
617 3387 700 3448 quae
726 3386 823 3428 causa
847 3363 912 3428 fuit
932 3362 1195 3449 Rhapsodiarum
1219 3358 1348 3426 auctori

56 3483 128 3546 eius
154 3482 288 3547 fabulae
303 3480 507 3548 mutilandae
528 3522 559 3532 —
579 3484 655 3566 quia
674 3482 832 3547 uidelicet
854 3491 932 3567 post
955 3483 1093 3569 primam
1109 3481 1246 3546 Metidis
1263 3482 1296 3543 h.
1315 3501 1343 3543 e.

54 3601 219 3666 Phanotis
237 3603 408 3688 cataposin
423 3604 563 3667 alteram
579 3603 698 3666 addere
714 3602 768 3665 vix
790 3602 901 3688 potuit
920 3642 953 3651 -
974 3604 1089 3667 eadem
1104 3624 1170 3665 non
1187 3605 1257 3663 erat
1271 3620 1347 3681 ger·

128 3823 221 3892 ¹Ayl.
243 3845 274 3893 p.
298 3830 359 3877 474.
380 3827 451 3876 -E
477 3828 606 3877 contrario
630 3827 711 3877 falsus
728 3827 876 3877 Alexander
894 3828 1009 3890 Aphrod.
1033 3840 1085 3875 non
1108 3830 1243 3872 cunctatur
1268 3821 1347 3871 verba

53 3912 209 3961 Aristotelis
228 3911 252 3963 ol
269 3909 386 3981 θεολόγοι
404 3911 428 3963 ol
446 3911 476 3963 ἐκ
493 3911 584 3968 νυκτὸς
601 3920 736 3982 γεννῶντες
754 3914 831 3975 (Met.
850 3915 917 3971 XII,
931 3919 945 3960 6
960 3929 991 3976 p.
1007 3911 1099 3959 1071b
1116 3907 1162 3971 27)
1181 3908 1212 3957 de
1230 3908 1348 3957 Hesiodo

53 3998 215 4060 intelligere,
236 3998 280 4058 qui
293 3995 380 4047 Chaos
399 3998 553 4061 principium
570 3998 660 4047 reddat
678 3997 776 4063 (Scholss
790 4001 817 4049 ia
828 4000 913 4049 Arist.
923 4014 953 4061 p.
968 3999 1017 4044 ⁸03
1030 4011 1047 4044 c
1059 3999 1091 4042 ³5
1110 3992 1144 4045 ci.
1153 4011 1184 4060 p.
1193 3995 1247 4075 ,rm
1260 4011 1277 4044 c
1289 3991 1346 4056 N).

126 4079 138 4113 ²
160 4083 224 4132 aba.
244 4083 264 4132 l.
284 4101 306 4133 e.
324 4110 359 4120 -

126 4165 138 4197 ³
156 4167 198 4216 Ita
214 4166 397 4216 Lobeekius
415 4168 478 4232 Aul.
495 4185 525 4232 p.
545 4170 603 4216 537.

72 4264 74 4267 ·
126 4250 139 4282 ⁴
158 4251 200 4301 Cf.
219 4251 363 4312 Preller‚
386 4254 548 4304 &achmete
565 4254 730 4319 Mytholopia
748 4257 774 4304 2.
793 4255 865 4319 Aust.
886 4251 991 4315 (Berlin
1012 4251 1090 4315 1861)
1108 4252 1132 4310 I,
1152 4254 1199 4300 147
1212 4266 1250 4314 sq.

127 4335 138 4365 ⁵
156 4339 235 4388 Plura
254 4339 285 4386 de
302 4337 351 4386 hac
369 4352 396 4387 re
414 4337 481 4387 infra
499 4339 662 4402 appositurus
681 4354 744 4388 sum.
