<?xml version="1.0" encoding="UTF-8"?>
<!DOCTYPE html PUBLIC "-//W3C//DTD XHTML 1.0 Transitional//EN"
    "http://www.w3.org/TR/xhtml1/DTD/xhtml1-transitional.dtd">
<html xmlns="http://www.w3.org/1999/xhtml" xml:lang="en" lang="en">
 <head>
  <title>
</title>
<meta http-equiv="Content-Type" content="text/html;charset=utf-8" />
  <meta name='ocr-system' content='tesseract 3.04.00' />
  <meta name='ocr-capabilities' content='ocr_page ocr_carea ocr_par ocr_line ocrx_word'/>
</head>
<body>
  <div class='ocr_page' id='page_1' title='image "./deveterisorphic00schugoog_0024.png"; bbox 0 0 2986 4800; ppageno 0'>
   <div class='ocr_carea' id='block_1_1' title="bbox 732 188 772 248">
    <p class='ocr_par' dir='ltr' id='par_1_1' title="bbox 732 188 772 248">
     <span class='ocr_line' id='line_1_1' title="bbox 732 188 772 248; baseline 0 0"><span class='ocrx_word' id='word_1_1' title='bbox 732 188 772 248; x_wconf 87' lang='grc'><strong>13</strong></span> 
     </span>
    </p>
   </div>
   <div class='ocr_carea' id='block_1_2' title="bbox 100 387 1397 952">
    <p class='ocr_par' dir='ltr' id='par_1_2' title="bbox 100 387 1397 952">
     <span class='ocr_line' id='line_1_2' title="bbox 103 387 1396 474; baseline 0.004 -22"><span class='ocrx_word' id='word_1_2' title='bbox 103 387 212 467; x_wconf 86' lang='lat' dir='ltr'><strong>Jovis,</strong></span> <span class='ocrx_word' id='word_1_3' title='bbox 229 387 486 451; x_wconf 88' lang='lat' dir='ltr'><strong>filiorumJovis.</strong></span> <span class='ocrx_word' id='word_1_4' title='bbox 511 388 667 452; x_wconf 75' lang='lat' dir='ltr'>Profecto</span> <span class='ocrx_word' id='word_1_5' title='bbox 679 388 820 472; x_wconf 81' lang='lat' dir='ltr'><strong>simplex</strong></span> <span class='ocrx_word' id='word_1_6' title='bbox 835 397 870 453; x_wconf 90' lang='lat' dir='ltr'><strong>et</strong></span> <span class='ocrx_word' id='word_1_7' title='bbox 880 389 920 453; x_wconf 83' lang='lat' dir='ltr'><strong>ab</strong></span> <span class='ocrx_word' id='word_1_8' title='bbox 937 389 1185 474; x_wconf 84' lang='lat' dir='ltr'><strong>antiquissimae</strong></span> <span class='ocrx_word' id='word_1_9' title='bbox 1197 392 1396 457; x_wconf 84' lang='lat' dir='ltr'><strong>Graecorum</strong></span> 
     </span>
     <span class='ocr_line' id='line_1_3' title="bbox 101 507 1396 593; baseline 0.003 -21"><span class='ocrx_word' id='word_1_10' title='bbox 101 507 336 592; x_wconf 79' lang='lat' dir='ltr'><strong>mythologice</strong></span> <span class='ocrx_word' id='word_1_11' title='bbox 361 515 476 571; x_wconf 89' lang='lat' dir='ltr'><strong>tenore</strong></span> <span class='ocrx_word' id='word_1_12' title='bbox 497 531 565 571; x_wconf 93' lang='lat' dir='ltr'><strong>non</strong></span> <span class='ocrx_word' id='word_1_13' title='bbox 586 508 694 572; x_wconf 86' lang='lat' dir='ltr'><strong>aliena</strong></span> <span class='ocrx_word' id='word_1_14' title='bbox 716 509 900 592; x_wconf 78' lang='lat' dir='ltr'><strong>dispositio</strong></span> <span class='ocrx_word' id='word_1_15' title='bbox 948 509 1057 573; x_wconf 78' lang='lat' dir='ltr'><strong>Quam</strong></span> <span class='ocrx_word' id='word_1_16' title='bbox 1080 532 1141 593; x_wconf 86' lang='lat' dir='ltr'><strong>ego</strong></span> <span class='ocrx_word' id='word_1_17' title='bbox 1165 533 1203 574; x_wconf 91' lang='lat' dir='ltr'><strong>eo</strong></span> <span class='ocrx_word' id='word_1_18' title='bbox 1227 512 1396 576; x_wconf 87' lang='lat' dir='ltr'><strong>lubentius</strong></span> 
     </span>
     <span class='ocr_line' id='line_1_4' title="bbox 100 627 1397 715; baseline 0.002 -22"><span class='ocrx_word' id='word_1_19' title='bbox 100 635 232 693; x_wconf 83' lang='lat' dir='ltr'><strong>rectam</strong></span> <span class='ocrx_word' id='word_1_20' title='bbox 258 635 293 690; x_wconf 90' lang='lat' dir='ltr'><strong>et</strong></span> <span class='ocrx_word' id='word_1_21' title='bbox 315 627 473 691; x_wconf 80' lang='lat' dir='ltr'><strong>sinceram</strong></span> <span class='ocrx_word' id='word_1_22' title='bbox 500 649 571 691; x_wconf 84' lang='lat' dir='ltr'><strong>esse</strong></span> <span class='ocrx_word' id='word_1_23' title='bbox 595 628 804 706; x_wconf 80' lang='lat' dir='ltr'><strong>crediderim,</strong></span> <span class='ocrx_word' id='word_1_24' title='bbox 832 651 895 711; x_wconf 92' lang='lat' dir='ltr'><strong>quc</strong></span> <span class='ocrx_word' id='word_1_25' title='bbox 917 628 1048 692; x_wconf 78' lang='lat' dir='ltr'><strong>facilius</strong></span> <span class='ocrx_word' id='word_1_26' title='bbox 1072 629 1120 693; x_wconf 90' lang='lat' dir='ltr'><strong>ita</strong></span> <span class='ocrx_word' id='word_1_27' title='bbox 1142 631 1244 693; x_wconf 91' lang='lat' dir='ltr'><strong>ceteri</strong></span> <span class='ocrx_word' id='word_1_28' title='bbox 1268 654 1397 715; x_wconf 89' lang='lat' dir='ltr'><strong>quoque</strong></span> 
     </span>
     <span class='ocr_line' id='line_1_5' title="bbox 101 745 1397 832; baseline 0.002 -21"><span class='ocrx_word' id='word_1_29' title='bbox 101 747 258 811; x_wconf 85' lang='lat' dir='ltr'><strong>Platonis</strong></span> <span class='ocrx_word' id='word_1_30' title='bbox 275 748 315 811; x_wconf 91' lang='lat' dir='ltr'><strong>de</strong></span> <span class='ocrx_word' id='word_1_31' title='bbox 328 747 461 831; x_wconf 89' lang='lat' dir='ltr'><strong>Orpheo</strong></span> <span class='ocrx_word' id='word_1_32' title='bbox 478 745 544 810; x_wconf 92' lang='lat' dir='ltr'><strong>loci</strong></span> <span class='ocrx_word' id='word_1_33' title='bbox 560 747 717 832; x_wconf 84' lang='lat' dir='ltr'><strong>explicari</strong></span> <span class='ocrx_word' id='word_1_34' title='bbox 728 755 878 831; x_wconf 89' lang='lat' dir='ltr'><strong>possunt.</strong></span> <span class='ocrx_word' id='word_1_35' title='bbox 905 747 995 812; x_wconf 77' lang='lat' dir='ltr'><strong>Quid</strong></span> <span class='ocrx_word' id='word_1_36' title='bbox 1006 748 1103 828; x_wconf 88' lang='lat' dir='ltr'><strong>enim,</strong></span> <span class='ocrx_word' id='word_1_37' title='bbox 1122 748 1149 812; x_wconf 88' lang='lat' dir='ltr'><strong>si</strong></span> <span class='ocrx_word' id='word_1_38' title='bbox 1164 750 1397 814; x_wconf 89' lang='lat' dir='ltr'><strong>celeberrimus</strong></span> 
     </span>
     <span class='ocr_line' id='line_1_6' title="bbox 101 866 1275 952; baseline 0 -22"><span class='ocrx_word' id='word_1_39' title='bbox 101 867 162 930; x_wconf 91' lang='lat' dir='ltr'><strong>ille</strong></span> <span class='ocrx_word' id='word_1_40' title='bbox 179 889 295 931; x_wconf 86' lang='lat' dir='ltr'><strong>versus</strong></span> <span class='ocrx_word' id='word_1_41' title='bbox 312 866 346 930; x_wconf 92' lang='lat' dir='ltr'><strong>in</strong></span> <span class='ocrx_word' id='word_1_42' title='bbox 361 866 522 931; x_wconf 85' lang='lat' dir='ltr'><strong>Philebo1</strong></span> <span class='ocrx_word' id='word_1_43' title='bbox 540 890 559 930; x_wconf 87' lang='lat' dir='ltr'><strong>a</strong></span> <span class='ocrx_word' id='word_1_44' title='bbox 575 868 711 931; x_wconf 83' lang='lat' dir='ltr'><strong>Socrate</strong></span> <span class='ocrx_word' id='word_1_45' title='bbox 727 866 857 931; x_wconf 88' lang='lat' dir='ltr'><strong>iamiam</strong></span> <span class='ocrx_word' id='word_1_46' title='bbox 874 875 1066 950; x_wconf 85' lang='lat' dir='ltr'><strong>peroraturo</strong></span> <span class='ocrx_word' id='word_1_47' title='bbox 1083 877 1275 952; x_wconf 83' lang='lat' dir='ltr'><strong>usurpatus:</strong></span> 
     </span>
    </p>
   </div>
   <div class='ocr_carea' id='block_1_3' title="bbox 408 984 1075 1060">
    <p class='ocr_par' dir='ltr' id='par_1_3' title="bbox 408 984 1075 1060">
     <span class='ocr_line' id='line_1_7' title="bbox 408 984 1075 1060; baseline 0.001 -21"><span class='ocrx_word' id='word_1_48' title='bbox 408 986 471 1060; x_wconf 70' lang='grc' dir='ltr'><strong>ἕκτῃ</strong></span> <span class='ocrx_word' id='word_1_49' title='bbox 491 984 511 1039; x_wconf 76' lang='grc' dir='ltr'><strong>δ’</strong></span> <span class='ocrx_word' id='word_1_50' title='bbox 532 987 558 1040; x_wconf 81' lang='grc' dir='ltr'><strong>ἐν</strong></span> <span class='ocrx_word' id='word_1_51' title='bbox 576 992 652 1058; x_wconf 64' lang='grc' dir='ltr'><strong>γενεᾷ</strong></span> <span class='ocrx_word' id='word_1_52' title='bbox 670 988 853 1040; x_wconf 69' lang='grc' dir='ltr'>καταπαύσατε</span> <span class='ocrx_word' id='word_1_53' title='bbox 871 987 967 1057; x_wconf 75' lang='grc' dir='ltr'>κόσμον</span> <span class='ocrx_word' id='word_1_54' title='bbox 986 988 1075 1059; x_wconf 77' lang='grc' dir='ltr'><strong>ἀοιδῆς</strong></span> 
     </span>
    </p>
   </div>
   <div class='ocr_carea' id='block_1_4' title="bbox 101 1087 1399 2844">
    <p class='ocr_par' dir='ltr' id='par_1_4' title="bbox 101 1087 1399 2844">
     <span class='ocr_line' id='line_1_8' title="bbox 101 1087 1396 1174; baseline 0.002 -21"><span class='ocrx_word' id='word_1_55' title='bbox 101 1113 173 1154; x_wconf 91' lang='lat' dir='ltr'><strong>non</strong></span> <span class='ocrx_word' id='word_1_56' title='bbox 181 1111 222 1153; x_wconf 82' lang='lat' dir='ltr'><strong>ex</strong></span> <span class='ocrx_word' id='word_1_57' title='bbox 229 1087 293 1152; x_wconf 85' lang='lat' dir='ltr'><strong>alio</strong></span> <span class='ocrx_word' id='word_1_58' title='bbox 302 1090 443 1173; x_wconf 90' lang='lat' dir='ltr'><strong>quodam</strong></span> <span class='ocrx_word' id='word_1_59' title='bbox 453 1090 592 1153; x_wconf 90' lang='lat' dir='ltr'><strong>obscuro</strong></span> <span class='ocrx_word' id='word_1_60' title='bbox 602 1089 728 1172; x_wconf 88' lang='lat' dir='ltr'><strong>Orphei</strong></span> <span class='ocrx_word' id='word_1_61' title='bbox 734 1088 819 1152; x_wconf 87' lang='lat' dir='ltr'><strong>libro</strong></span> <span class='ocrx_word' id='word_1_62' title='bbox 827 1089 981 1153; x_wconf 85' lang='lat' dir='ltr'><strong>velutiex</strong></span> <span class='ocrx_word' id='word_1_63' title='bbox 989 1089 1163 1153; x_wconf 78' lang='lat' dir='ltr'><strong>Catabasi²</strong></span> <span class='ocrx_word' id='word_1_64' title='bbox 1175 1098 1325 1174; x_wconf 87' lang='lat' dir='ltr'><strong>sumptus</strong></span> <span class='ocrx_word' id='word_1_65' title='bbox 1334 1099 1396 1171; x_wconf 86' lang='lat' dir='ltr'><strong>est,</strong></span> 
     </span>
     <span class='ocr_line' id='line_1_9' title="bbox 102 1208 1398 1292; baseline 0.002 -20"><span class='ocrx_word' id='word_1_66' title='bbox 102 1211 165 1272; x_wconf 86' lang='lat' dir='ltr'><strong>sed</strong></span> <span class='ocrx_word' id='word_1_67' title='bbox 176 1231 218 1272; x_wconf 79' lang='lat' dir='ltr'><strong>ex</strong></span> <span class='ocrx_word' id='word_1_68' title='bbox 228 1209 554 1292; x_wconf 86' lang='lat' dir='ltr'><strong>eademTheogonia,</strong></span> <span class='ocrx_word' id='word_1_69' title='bbox 564 1232 662 1292; x_wconf 85' lang='lat' dir='ltr'><strong>quam</strong></span> <span class='ocrx_word' id='word_1_70' title='bbox 672 1208 802 1292; x_wconf 88' lang='lat' dir='ltr'><strong>saepius</strong></span> <span class='ocrx_word' id='word_1_71' title='bbox 813 1208 932 1272; x_wconf 87' lang='lat' dir='ltr'><strong>citasse</strong></span> <span class='ocrx_word' id='word_1_72' title='bbox 942 1209 1117 1273; x_wconf 89' lang='lat' dir='ltr'><strong>Platonem</strong></span> <span class='ocrx_word' id='word_1_73' title='bbox 1128 1211 1226 1274; x_wconf 91' lang='lat' dir='ltr'><strong>modo</strong></span> <span class='ocrx_word' id='word_1_74' title='bbox 1237 1211 1398 1275; x_wconf 86' lang='lat' dir='ltr'><strong>vidimus?</strong></span> 
     </span>
     <span class='ocr_line' id='line_1_10' title="bbox 103 1327 1398 1412; baseline 0.002 -20"><span class='ocrx_word' id='word_1_75' title='bbox 103 1329 207 1392; x_wconf 86' lang='lat' dir='ltr'><strong>Certe</strong></span> <span class='ocrx_word' id='word_1_76' title='bbox 229 1327 351 1406; x_wconf 84' lang='lat' dir='ltr'><strong>nescio,</strong></span> <span class='ocrx_word' id='word_1_77' title='bbox 376 1329 540 1411; x_wconf 90' lang='lat' dir='ltr'><strong>quomodo</strong></span> <span class='ocrx_word' id='word_1_78' title='bbox 556 1335 671 1412; x_wconf 86' lang='lat' dir='ltr'><strong>poeta,</strong></span> <span class='ocrx_word' id='word_1_79' title='bbox 694 1350 768 1391; x_wconf 91' lang='lat' dir='ltr'><strong>cum</strong></span> <span class='ocrx_word' id='word_1_80' title='bbox 786 1327 985 1391; x_wconf 74' lang='lat' dir='ltr'><strong>enumeratis</strong></span> <span class='ocrx_word' id='word_1_81' title='bbox 1007 1327 1074 1390; x_wconf 89' lang='lat' dir='ltr'><strong>illis</strong></span> <span class='ocrx_word' id='word_1_82' title='bbox 1097 1329 1239 1412; x_wconf 89' lang='lat' dir='ltr'><strong>quinque</strong></span> <span class='ocrx_word' id='word_1_83' title='bbox 1262 1331 1398 1393; x_wconf 87' lang='lat' dir='ltr'><strong>deorum</strong></span> 
     </span>
     <span class='ocr_line' id='line_1_11' title="bbox 106 1446 1397 1531; baseline 0.002 -21"><span class='ocrx_word' id='word_1_84' title='bbox 106 1447 267 1530; x_wconf 88' lang='lat' dir='ltr'><strong>gentihus</strong></span> <span class='ocrx_word' id='word_1_85' title='bbox 292 1447 427 1511; x_wconf 83' lang='lat' dir='ltr'><strong>carmini</strong></span> <span class='ocrx_word' id='word_1_86' title='bbox 449 1470 507 1511; x_wconf 88' lang='lat' dir='ltr'><strong>suo</strong></span> <span class='ocrx_word' id='word_1_87' title='bbox 530 1446 731 1530; x_wconf 86' lang='lat' dir='ltr'><strong>theogonico</strong></span> <span class='ocrx_word' id='word_1_88' title='bbox 757 1446 960 1529; x_wconf 84' lang='lat' dir='ltr'><strong>heroogonia</strong></span> <span class='ocrx_word' id='word_1_89' title='bbox 982 1447 1120 1510; x_wconf 86' lang='lat' dir='ltr'><strong>ommisa</strong></span> <span class='ocrx_word' id='word_1_90' title='bbox 1142 1449 1242 1511; x_wconf 89' lang='lat' dir='ltr'><strong>finem</strong></span> <span class='ocrx_word' id='word_1_91' title='bbox 1263 1447 1397 1531; x_wconf 86' lang='lat' dir='ltr'><strong>imposi-</strong></span> 
     </span>
     <span class='ocr_line' id='line_1_12' title="bbox 108 1566 1395 1650; baseline 0.002 -22"><span class='ocrx_word' id='word_1_92' title='bbox 108 1573 207 1629; x_wconf 90' lang='lat' dir='ltr'><strong>turus</strong></span> <span class='ocrx_word' id='word_1_93' title='bbox 227 1575 322 1645; x_wconf 84' lang='lat' dir='ltr'><strong>esset,</strong></span> <span class='ocrx_word' id='word_1_94' title='bbox 344 1566 454 1650; x_wconf 84' lang='lat' dir='ltr'><strong>aptius</strong></span> <span class='ocrx_word' id='word_1_95' title='bbox 471 1574 505 1630; x_wconf 88' lang='lat' dir='ltr'><strong>et</strong></span> <span class='ocrx_word' id='word_1_96' title='bbox 528 1566 714 1650; x_wconf 87' lang='lat' dir='ltr'><strong>elegantius</strong></span> <span class='ocrx_word' id='word_1_97' title='bbox 730 1588 881 1649; x_wconf 87' lang='lat' dir='ltr'><strong>perorare</strong></span> <span class='ocrx_word' id='word_1_98' title='bbox 903 1566 1050 1649; x_wconf 87' lang='lat' dir='ltr'><strong>potuerit</strong></span> <span class='ocrx_word' id='word_1_99' title='bbox 1066 1590 1164 1650; x_wconf 87' lang='lat' dir='ltr'><strong>quam</strong></span> <span class='ocrx_word' id='word_1_100' title='bbox 1185 1566 1252 1630; x_wconf 90' lang='lat' dir='ltr'><strong>illis</strong></span> <span class='ocrx_word' id='word_1_101' title='bbox 1274 1568 1395 1647; x_wconf 87' lang='lat' dir='ltr'><strong>verbis,</strong></span> 
     </span>
     <span class='ocr_line' id='line_1_13' title="bbox 106 1685 1397 1770; baseline 0.002 -23"><span class='ocrx_word' id='word_1_102' title='bbox 106 1685 230 1768; x_wconf 87' lang='lat' dir='ltr'><strong>quibus</strong></span> <span class='ocrx_word' id='word_1_103' title='bbox 245 1687 357 1750; x_wconf 86' lang='lat' dir='ltr'><strong>Musas</strong></span> <span class='ocrx_word' id='word_1_104' title='bbox 380 1687 414 1749; x_wconf 92' lang='lat' dir='ltr'><strong>in</strong></span> <span class='ocrx_word' id='word_1_105' title='bbox 431 1688 627 1750; x_wconf 85' lang='lat' dir='ltr'><strong>celebrando</strong></span> <span class='ocrx_word' id='word_1_106' title='bbox 650 1693 744 1749; x_wconf 85' lang='lat' dir='ltr'><strong>sexto</strong></span> <span class='ocrx_word' id='word_1_107' title='bbox 761 1686 783 1748; x_wconf 90' lang='lat' dir='ltr'><strong>i.</strong></span> <span class='ocrx_word' id='word_1_108' title='bbox 803 1708 831 1749; x_wconf 90' lang='lat' dir='ltr'><strong>e.</strong></span> <span class='ocrx_word' id='word_1_109' title='bbox 855 1687 993 1751; x_wconf 89' lang='lat' dir='ltr'><strong>heroum</strong></span> <span class='ocrx_word' id='word_1_110' title='bbox 1008 1709 1129 1770; x_wconf 83' lang='lat' dir='ltr'><strong>genere</strong></span> <span class='ocrx_word' id='word_1_111' title='bbox 1152 1687 1331 1751; x_wconf 69' lang='lat' dir='ltr'><strong>subsistere</strong></span> <span class='ocrx_word' id='word_1_112' title='bbox 1348 1686 1397 1750; x_wconf 88' lang='lat' dir='ltr'><strong>iu-</strong></span> 
     </span>
     <span class='ocr_line' id='line_1_14' title="bbox 103 1805 1396 1897; baseline 0.001 -29"><span class='ocrx_word' id='word_1_113' title='bbox 103 1807 214 1868; x_wconf 89' lang='lat' dir='ltr'><strong>beret.</strong></span> <span class='ocrx_word' id='word_1_114' title='bbox 241 1805 307 1868; x_wconf 86' lang='lat' dir='ltr'><strong>Sed</strong></span> <span class='ocrx_word' id='word_1_115' title='bbox 323 1807 507 1897; x_wconf 77' lang='lat' dir='ltr'><strong>oponitur,⁸</strong></span> <span class='ocrx_word' id='word_1_116' title='bbox 524 1812 699 1890; x_wconf 87' lang='lat' dir='ltr'><strong>propterea</strong></span> <span class='ocrx_word' id='word_1_117' title='bbox 714 1828 780 1868; x_wconf 90' lang='lat' dir='ltr'><strong>non</strong></span> <span class='ocrx_word' id='word_1_118' title='bbox 797 1806 836 1869; x_wconf 88' lang='lat' dir='ltr'><strong>de</strong></span> <span class='ocrx_word' id='word_1_119' title='bbox 854 1806 960 1869; x_wconf 87' lang='lat' dir='ltr'><strong>Musis</strong></span> <span class='ocrx_word' id='word_1_120' title='bbox 978 1806 1191 1889; x_wconf 84' lang='lat' dir='ltr'><strong>cogitandum</strong></span> <span class='ocrx_word' id='word_1_121' title='bbox 1208 1829 1290 1887; x_wconf 86' lang='lat' dir='ltr'><strong>esse,</strong></span> <span class='ocrx_word' id='word_1_122' title='bbox 1309 1807 1396 1890; x_wconf 89' lang='lat' dir='ltr'><strong>quod</strong></span> 
     </span>
     <span class='ocr_line' id='line_1_15' title="bbox 101 1924 1396 2010; baseline 0.003 -23"><span class='ocrx_word' id='word_1_123' title='bbox 101 1933 226 2009; x_wconf 83' lang='lat' dir='ltr'><strong>poetae</strong></span> <span class='ocrx_word' id='word_1_124' title='bbox 243 1946 297 1988; x_wconf 87' lang='lat' dir='ltr'><strong>eas</strong></span> <span class='ocrx_word' id='word_1_125' title='bbox 308 1926 350 1989; x_wconf 84' lang='lat' dir='ltr'><strong>ad</strong></span> <span class='ocrx_word' id='word_1_126' title='bbox 366 1925 602 2010; x_wconf 86' lang='lat' dir='ltr'><strong>auspicandum</strong></span> <span class='ocrx_word' id='word_1_127' title='bbox 618 1924 749 2009; x_wconf 88' lang='lat' dir='ltr'><strong>quidem</strong></span> <span class='ocrx_word' id='word_1_128' title='bbox 768 1930 900 1988; x_wconf 84' lang='lat' dir='ltr'><strong>cantum</strong></span> <span class='ocrx_word' id='word_1_129' title='bbox 917 1924 1054 1989; x_wconf 89' lang='lat' dir='ltr'><strong>incitare</strong></span> <span class='ocrx_word' id='word_1_130' title='bbox 1071 1926 1211 2004; x_wconf 87' lang='lat' dir='ltr'><strong>soleant,</strong></span> <span class='ocrx_word' id='word_1_131' title='bbox 1230 1927 1270 1990; x_wconf 88' lang='lat' dir='ltr'><strong>ad</strong></span> <span class='ocrx_word' id='word_1_132' title='bbox 1281 1926 1396 1991; x_wconf 89' lang='lat' dir='ltr'><strong>finien-</strong></span> 
     </span>
     <span class='ocr_line' id='line_1_16' title="bbox 102 2044 1394 2110; baseline 0.002 -4"><span class='ocrx_word' id='word_1_133' title='bbox 102 2045 185 2107; x_wconf 93' lang='lat' dir='ltr'><strong>dum</strong></span> <span class='ocrx_word' id='word_1_134' title='bbox 210 2067 277 2108; x_wconf 91' lang='lat' dir='ltr'><strong>non</strong></span> <span class='ocrx_word' id='word_1_135' title='bbox 302 2044 394 2108; x_wconf 90' lang='lat' dir='ltr'><strong>item.</strong></span> <span class='ocrx_word' id='word_1_136' title='bbox 442 2047 489 2108; x_wconf 87' lang='lat' dir='ltr'><strong>At</strong></span> <span class='ocrx_word' id='word_1_137' title='bbox 514 2047 601 2108; x_wconf 90' lang='lat' dir='ltr'><strong>hunc</strong></span> <span class='ocrx_word' id='word_1_138' title='bbox 626 2066 749 2107; x_wconf 87' lang='lat' dir='ltr'><strong>morem</strong></span> <span class='ocrx_word' id='word_1_139' title='bbox 774 2050 844 2106; x_wconf 89' lang='lat' dir='ltr'><strong>tam</strong></span> <span class='ocrx_word' id='word_1_140' title='bbox 870 2052 1019 2107; x_wconf 88' lang='lat' dir='ltr'><strong>sanctum</strong></span> <span class='ocrx_word' id='word_1_141' title='bbox 1046 2051 1080 2107; x_wconf 90' lang='lat' dir='ltr'><strong>et</strong></span> <span class='ocrx_word' id='word_1_142' title='bbox 1104 2045 1329 2108; x_wconf 85' lang='lat' dir='ltr'><strong>inviolabilem</strong></span> <span class='ocrx_word' id='word_1_143' title='bbox 1353 2047 1394 2110; x_wconf 91' lang='lat' dir='ltr'><strong>ab</strong></span> 
     </span>
     <span class='ocr_line' id='line_1_17' title="bbox 102 2162 1396 2248; baseline 0 -22"><span class='ocrx_word' id='word_1_144' title='bbox 102 2163 260 2227; x_wconf 88' lang='lat' dir='ltr'><strong>omnibus</strong></span> <span class='ocrx_word' id='word_1_145' title='bbox 279 2164 388 2248; x_wconf 89' lang='lat' dir='ltr'><strong>poetis</strong></span> <span class='ocrx_word' id='word_1_146' title='bbox 409 2165 560 2227; x_wconf 87' lang='lat' dir='ltr'><strong>habitum</strong></span> <span class='ocrx_word' id='word_1_147' title='bbox 581 2185 663 2241; x_wconf 85' lang='lat' dir='ltr'><strong>esse,</strong></span> <span class='ocrx_word' id='word_1_148' title='bbox 685 2170 779 2226; x_wconf 90' lang='lat' dir='ltr'><strong>utne</strong></span> <span class='ocrx_word' id='word_1_149' title='bbox 799 2185 884 2225; x_wconf 88' lang='lat' dir='ltr'><strong>unus</strong></span> <span class='ocrx_word' id='word_1_150' title='bbox 906 2162 1038 2245; x_wconf 88' lang='lat' dir='ltr'><strong>quidem</strong></span> <span class='ocrx_word' id='word_1_151' title='bbox 1059 2184 1134 2226; x_wconf 90' lang='lat' dir='ltr'><strong>eum</strong></span> <span class='ocrx_word' id='word_1_152' title='bbox 1153 2163 1276 2227; x_wconf 85' lang='lat' dir='ltr'><strong>violare</strong></span> <span class='ocrx_word' id='word_1_153' title='bbox 1297 2186 1396 2227; x_wconf 85' lang='lat' dir='ltr'><strong>ausus</strong></span> 
     </span>
     <span class='ocr_line' id='line_1_18' title="bbox 101 2281 1394 2366; baseline 0.001 -20"><span class='ocrx_word' id='word_1_154' title='bbox 101 2284 160 2361; x_wconf 87' lang='lat' dir='ltr'><strong>sit,</strong></span> <span class='ocrx_word' id='word_1_155' title='bbox 179 2283 245 2347; x_wconf 88' lang='lat' dir='ltr'><strong>etsi</strong></span> <span class='ocrx_word' id='word_1_156' title='bbox 258 2306 376 2366; x_wconf 83' lang='lat' dir='ltr'><strong>graves</strong></span> <span class='ocrx_word' id='word_1_157' title='bbox 392 2285 570 2347; x_wconf 88' lang='lat' dir='ltr'><strong>suaderent</strong></span> <span class='ocrx_word' id='word_1_158' title='bbox 585 2281 740 2360; x_wconf 84' lang='lat' dir='ltr'><strong>rationes,</strong></span> <span class='ocrx_word' id='word_1_159' title='bbox 758 2282 814 2346; x_wconf 85' lang='lat' dir='ltr'><strong>vix</strong></span> <span class='ocrx_word' id='word_1_160' title='bbox 825 2281 982 2345; x_wconf 89' lang='lat' dir='ltr'><strong>credibile</strong></span> <span class='ocrx_word' id='word_1_161' title='bbox 998 2288 1061 2346; x_wconf 91' lang='lat' dir='ltr'><strong>est.</strong></span> <span class='ocrx_word' id='word_1_162' title='bbox 1087 2283 1256 2366; x_wconf 89' lang='lat' dir='ltr'><strong>Orpheum</strong></span> <span class='ocrx_word' id='word_1_163' title='bbox 1272 2290 1394 2362; x_wconf 87' lang='lat' dir='ltr'><strong>autem,</strong></span> 
     </span>
     <span class='ocr_line' id='line_1_19' title="bbox 102 2400 1399 2486; baseline 0.001 -22"><span class='ocrx_word' id='word_1_164' title='bbox 102 2410 144 2464; x_wconf 90' lang='lat' dir='ltr'><strong>ut</strong></span> <span class='ocrx_word' id='word_1_165' title='bbox 155 2404 244 2466; x_wconf 83' lang='lat' dir='ltr'><strong>hanc</strong></span> <span class='ocrx_word' id='word_1_166' title='bbox 253 2403 364 2486; x_wconf 87' lang='lat' dir='ltr'><strong>legem</strong></span> <span class='ocrx_word' id='word_1_167' title='bbox 371 2403 540 2486; x_wconf 80' lang='lat' dir='ltr'><strong>migraret,</strong></span> <span class='ocrx_word' id='word_1_168' title='bbox 552 2402 585 2465; x_wconf 93' lang='lat' dir='ltr'><strong>id</strong></span> <span class='ocrx_word' id='word_1_169' title='bbox 594 2402 708 2486; x_wconf 91' lang='lat' dir='ltr'><strong>opinor</strong></span> <span class='ocrx_word' id='word_1_170' title='bbox 719 2400 868 2479; x_wconf 85' lang='lat' dir='ltr'><strong>adduxit,</strong></span> <span class='ocrx_word' id='word_1_171' title='bbox 882 2402 969 2484; x_wconf 88' lang='lat' dir='ltr'><strong>quod</strong></span> <span class='ocrx_word' id='word_1_172' title='bbox 980 2408 1090 2484; x_wconf 87' lang='lat' dir='ltr'><strong>spreto</strong></span> <span class='ocrx_word' id='word_1_173' title='bbox 1099 2401 1237 2466; x_wconf 80' lang='lat' dir='ltr'><strong>Hesiodi</strong></span> <span class='ocrx_word' id='word_1_174' title='bbox 1247 2402 1399 2485; x_wconf 84' lang='lat' dir='ltr'><strong>exemplo</strong></span> 
     </span>
     <span class='ocr_line' id='line_1_20' title="bbox 102 2521 1398 2606; baseline 0 -22"><span class='ocrx_word' id='word_1_175' title='bbox 102 2522 309 2604; x_wconf 73' lang='lat' dir='ltr'><strong>theogoniae</strong></span> <span class='ocrx_word' id='word_1_176' title='bbox 325 2522 703 2606; x_wconf 79' lang='lat' dir='ltr'><strong>heroogoniam.addere</strong></span> <span class='ocrx_word' id='word_1_177' title='bbox 719 2522 837 2586; x_wconf 88' lang='lat' dir='ltr'><strong>nollet.</strong></span> <span class='ocrx_word' id='word_1_178' title='bbox 875 2521 974 2584; x_wconf 74' lang='lat' dir='ltr'><strong>Quod</strong></span> <span class='ocrx_word' id='word_1_179' title='bbox 991 2521 1167 2585; x_wconf 85' lang='lat' dir='ltr'><strong>discrimen</strong></span> <span class='ocrx_word' id='word_1_180' title='bbox 1181 2529 1219 2585; x_wconf 87' lang='lat' dir='ltr'><strong>ut</strong></span> <span class='ocrx_word' id='word_1_181' title='bbox 1235 2522 1398 2586; x_wconf 88' lang='lat' dir='ltr'><strong>lectorum</strong></span> 
     </span>
     <span class='ocr_line' id='line_1_21' title="bbox 104 2639 1398 2724; baseline 0.001 -21"><span class='ocrx_word' id='word_1_182' title='bbox 104 2641 212 2704; x_wconf 88' lang='lat' dir='ltr'><strong>oculis</strong></span> <span class='ocrx_word' id='word_1_183' title='bbox 236 2665 334 2724; x_wconf 89' lang='lat' dir='ltr'><strong>qnam</strong></span> <span class='ocrx_word' id='word_1_184' title='bbox 355 2642 496 2705; x_wconf 84' lang='lat' dir='ltr'><strong>maxime</strong></span> <span class='ocrx_word' id='word_1_185' title='bbox 519 2642 724 2719; x_wconf 85' lang='lat' dir='ltr'><strong>obtruderet,</strong></span> <span class='ocrx_word' id='word_1_186' title='bbox 748 2639 889 2704; x_wconf 84' lang='lat' dir='ltr'><strong>fortasse</strong></span> <span class='ocrx_word' id='word_1_187' title='bbox 911 2640 950 2703; x_wconf 91' lang='lat' dir='ltr'><strong>iis</strong></span> <span class='ocrx_word' id='word_1_188' title='bbox 973 2640 1067 2718; x_wconf 88' lang='lat' dir='ltr'><strong>locis,</strong></span> <span class='ocrx_word' id='word_1_189' title='bbox 1090 2640 1209 2722; x_wconf 91' lang='lat' dir='ltr'><strong>quibus</strong></span> <span class='ocrx_word' id='word_1_190' title='bbox 1231 2641 1398 2704; x_wconf 86' lang='lat' dir='ltr'><strong>Hesiodus</strong></span> 
     </span>
     <span class='ocr_line' id='line_1_22' title="bbox 105 2759 1398 2844; baseline 0 -22"><span class='ocrx_word' id='word_1_191' title='bbox 105 2760 267 2823; x_wconf 86' lang='lat' dir='ltr'><strong>maiorum</strong></span> <span class='ocrx_word' id='word_1_192' title='bbox 290 2762 426 2825; x_wconf 89' lang='lat' dir='ltr'><strong>deorum</strong></span> <span class='ocrx_word' id='word_1_193' title='bbox 443 2769 518 2825; x_wconf 87' lang='lat' dir='ltr'><strong>ortu</strong></span> <span class='ocrx_word' id='word_1_194' title='bbox 539 2768 672 2824; x_wconf 87' lang='lat' dir='ltr'><strong>narrato</strong></span> <span class='ocrx_word' id='word_1_195' title='bbox 690 2783 763 2823; x_wconf 90' lang='lat' dir='ltr'><strong>cum</strong></span> <span class='ocrx_word' id='word_1_196' title='bbox 786 2759 995 2822; x_wconf 88' lang='lat' dir='ltr'><strong>invocatione</strong></span> <span class='ocrx_word' id='word_1_197' title='bbox 1012 2760 1203 2822; x_wconf 72' lang='lat' dir='ltr'><strong>Musarum4</strong></span> <span class='ocrx_word' id='word_1_198' title='bbox 1225 2760 1336 2844; x_wconf 85' lang='lat' dir='ltr'><strong>pergit</strong></span> <span class='ocrx_word' id='word_1_199' title='bbox 1355 2760 1398 2823; x_wconf 90' lang='lat' dir='ltr'><strong>ad</strong></span> 
     </span>
    </p>
   </div>
   <div class='ocr_carea' id='block_1_5' title="bbox 102 2894 1398 3138">
    <p class='ocr_par' dir='ltr' id='par_1_5' title="bbox 102 2894 1398 3138">
     <span class='ocr_line' id='line_1_23' title="bbox 102 2894 1398 2969; baseline -0.001 -21"><span class='ocrx_word' id='word_1_200' title='bbox 102 2901 227 2950; x_wconf 86' lang='lat' dir='ltr'><strong>Titanum</strong></span> <span class='ocrx_word' id='word_1_201' title='bbox 251 2903 369 2968; x_wconf 79' lang='lat' dir='ltr'><strong>consilis,</strong></span> <span class='ocrx_word' id='word_1_202' title='bbox 395 2902 512 2964; x_wconf 84' lang='lat' dir='ltr'><strong>quamvis</strong></span> <span class='ocrx_word' id='word_1_203' title='bbox 536 2902 572 2949; x_wconf 91' lang='lat' dir='ltr'><strong>ihi</strong></span> <span class='ocrx_word' id='word_1_204' title='bbox 597 2915 620 2948; x_wconf 87' lang='lat' dir='ltr'><strong>v.</strong></span> <span class='ocrx_word' id='word_1_205' title='bbox 640 2905 698 2949; x_wconf 76' lang='lat'><strong>205.</strong></span> <span class='ocrx_word' id='word_1_206' title='bbox 727 2894 842 2969; x_wconf 78' lang='grc' dir='ltr'>Οὐρανοῦ</span> <span class='ocrx_word' id='word_1_207' title='bbox 867 2917 896 2950; x_wconf 85' lang='grc' dir='ltr'><strong>τε</strong></span> <span class='ocrx_word' id='word_1_208' title='bbox 914 2897 958 2949; x_wconf 77' lang='grc' dir='ltr'>καὶ</span> <span class='ocrx_word' id='word_1_209' title='bbox 976 2895 1075 2954; x_wconf 76' lang='grc' dir='ltr'>Χθονὸς</span> <span class='ocrx_word' id='word_1_210' title='bbox 1092 2897 1171 2948; x_wconf 78' lang='grc' dir='ltr'>τὲνινα</span> <span class='ocrx_word' id='word_1_211' title='bbox 1188 2908 1319 2960; x_wconf 87' lang='lat' dir='ltr'><strong>vocentur,</strong></span> <span class='ocrx_word' id='word_1_212' title='bbox 1344 2914 1398 2947; x_wconf 90' lang='lat' dir='ltr'><strong>non</strong></span> 
     </span>
     <span class='ocr_line' id='line_1_24' title="bbox 103 2985 227 3051; baseline 0 -16"><span class='ocrx_word' id='word_1_213' title='bbox 103 2985 227 3051; x_wconf 84' lang='lat' dir='ltr'><strong>Oceani).</strong></span> 
     </span>
     <span class='ocr_line' id='line_1_25' title="bbox 173 3068 1397 3138; baseline -0.006 -15"><span class='ocrx_word' id='word_1_214' title='bbox 173 3068 302 3125; x_wconf 61' lang='lat' dir='ltr'><strong>JPhileb.</strong></span> <span class='ocrx_word' id='word_1_215' title='bbox 318 3091 346 3138; x_wconf 81' lang='lat' dir='ltr'><strong>p.</strong></span> <span class='ocrx_word' id='word_1_216' title='bbox 368 3074 441 3122; x_wconf 84' lang='lat'><strong>660.</strong></span> <span class='ocrx_word' id='word_1_217' title='bbox 467 3099 502 3109; x_wconf 93' lang='lat'>-</span> <span class='ocrx_word' id='word_1_218' title='bbox 519 3071 653 3120; x_wconf 88' lang='lat' dir='ltr'><strong>Philebum</strong></span> <span class='ocrx_word' id='word_1_219' title='bbox 677 3085 780 3133; x_wconf 88' lang='lat' dir='ltr'><strong>quoque</strong></span> <span class='ocrx_word' id='word_1_220' title='bbox 806 3069 1070 3119; x_wconf 86' lang='lat' dir='ltr'><strong>Schaarschmidt</strong></span> <span class='ocrx_word' id='word_1_221' title='bbox 1089 3072 1107 3120; x_wconf 78' lang='lat' dir='ltr'><strong>l.</strong></span> <span class='ocrx_word' id='word_1_222' title='bbox 1128 3088 1150 3119; x_wconf 81' lang='grc' dir='ltr'><strong>α.</strong></span> <span class='ocrx_word' id='word_1_223' title='bbox 1166 3088 1196 3134; x_wconf 78' lang='lat' dir='ltr'><strong>p.</strong></span> <span class='ocrx_word' id='word_1_224' title='bbox 1217 3073 1316 3134; x_wconf 79' lang='lat' dir='ltr'><strong>277sq.</strong></span> <span class='ocrx_word' id='word_1_225' title='bbox 1337 3068 1397 3117; x_wconf 90' lang='lat' dir='ltr'><strong>sub·</strong></span> 
     </span>
    </p>
   </div>
   <div class='ocr_carea' id='block_1_6' title="bbox 84 3155 1398 4425">
    <p class='ocr_par' dir='ltr' id='par_1_6' title="bbox 84 3155 1398 4425">
     <span class='ocr_line' id='line_1_26' title="bbox 102 3155 1398 3225; baseline -0.002 -19"><span class='ocrx_word' id='word_1_226' title='bbox 102 3158 223 3206; x_wconf 87' lang='lat' dir='ltr'><strong>diticiurn</strong></span> <span class='ocrx_word' id='word_1_227' title='bbox 241 3173 297 3207; x_wconf 91' lang='lat' dir='ltr'><strong>esse</strong></span> <span class='ocrx_word' id='word_1_228' title='bbox 315 3165 396 3221; x_wconf 84' lang='lat' dir='ltr'><strong>putat.</strong></span> <span class='ocrx_word' id='word_1_229' title='bbox 432 3156 581 3206; x_wconf 85' lang='lat' dir='ltr'><strong>Aristotelis</strong></span> <span class='ocrx_word' id='word_1_230' title='bbox 599 3157 685 3205; x_wconf 90' lang='lat' dir='ltr'><strong>locum</strong></span> <span class='ocrx_word' id='word_1_231' title='bbox 702 3157 767 3205; x_wconf 74' lang='lat' dir='ltr'><strong>Eri.</strong></span> <span class='ocrx_word' id='word_1_232' title='bbox 782 3157 840 3206; x_wconf 83' lang='lat' dir='ltr'><strong>Nic.</strong></span> <span class='ocrx_word' id='word_1_233' title='bbox 861 3156 895 3225; x_wconf 93' lang='grc' dir='ltr'><strong>Χ,</strong></span> <span class='ocrx_word' id='word_1_234' title='bbox 915 3161 939 3216; x_wconf 83' lang='lat'><strong>2,</strong></span> <span class='ocrx_word' id='word_1_235' title='bbox 955 3174 984 3220; x_wconf 79' lang='lat' dir='ltr'><strong>p.</strong></span> <span class='ocrx_word' id='word_1_236' title='bbox 1006 3155 1100 3205; x_wconf 80' lang='lat' dir='ltr'><strong>rriab</strong></span> <span class='ocrx_word' id='word_1_237' title='bbox 1119 3160 1150 3203; x_wconf 83' lang='lat'><strong>28</strong></span> <span class='ocrx_word' id='word_1_238' title='bbox 1169 3169 1222 3203; x_wconf 91' lang='lat' dir='ltr'><strong>non</strong></span> <span class='ocrx_word' id='word_1_239' title='bbox 1240 3170 1273 3204; x_wconf 86' lang='lat' dir='ltr'><strong>ex</strong></span> <span class='ocrx_word' id='word_1_240' title='bbox 1291 3155 1398 3204; x_wconf 74' lang='lat' dir='ltr'><strong>Phileto</strong></span> 
     </span>
     <span class='ocr_line' id='line_1_27' title="bbox 96 3240 1396 3308; baseline -0.002 -17"><span class='ocrx_word' id='word_1_241' title='bbox 96 3261 128 3308; x_wconf 84' lang='lat' dir='ltr'><strong>p.</strong></span> <span class='ocrx_word' id='word_1_242' title='bbox 150 3248 183 3295; x_wconf 83' lang='lat'><strong>22</strong></span> <span class='ocrx_word' id='word_1_243' title='bbox 197 3246 273 3308; x_wconf 71' lang='grc' dir='ltr'><strong>Δια.</strong></span> <span class='ocrx_word' id='word_1_244' title='bbox 294 3244 327 3291; x_wconf 85' lang='lat' dir='ltr'><strong>cf.</strong></span> <span class='ocrx_word' id='word_1_245' title='bbox 347 3245 415 3292; x_wconf 84' lang='lat'><strong>600</strong></span> <span class='ocrx_word' id='word_1_246' title='bbox 437 3244 550 3302; x_wconf 86' lang='lat' dir='ltr'><strong>ductum,</strong></span> <span class='ocrx_word' id='word_1_247' title='bbox 576 3242 620 3290; x_wconf 88' lang='lat' dir='ltr'><strong>scd</strong></span> <span class='ocrx_word' id='word_1_248' title='bbox 643 3240 744 3289; x_wconf 89' lang='lat' dir='ltr'><strong>Philebi</strong></span> <span class='ocrx_word' id='word_1_249' title='bbox 770 3248 900 3290; x_wconf 82' lang='lat' dir='ltr'><strong>auctorem</strong></span> <span class='ocrx_word' id='word_1_250' title='bbox 924 3241 1073 3290; x_wconf 85' lang='lat' dir='ltr'><strong>Aristotelis</strong></span> <span class='ocrx_word' id='word_1_251' title='bbox 1098 3241 1175 3290; x_wconf 85' lang='lat' dir='ltr'><strong>verba</strong></span> <span class='ocrx_word' id='word_1_252' title='bbox 1200 3249 1316 3291; x_wconf 88' lang='lat' dir='ltr'><strong>secutum</strong></span> <span class='ocrx_word' id='word_1_253' title='bbox 1339 3253 1396 3289; x_wconf 88' lang='lat' dir='ltr'><strong>esse</strong></span> 
     </span>
     <span class='ocr_line' id='line_1_28' title="bbox 100 3327 1395 3394; baseline 0.001 -19"><span class='ocrx_word' id='word_1_254' title='bbox 100 3330 164 3377; x_wconf 86' lang='lat' dir='ltr'><strong>vult.</strong></span> <span class='ocrx_word' id='word_1_255' title='bbox 201 3328 243 3376; x_wconf 88' lang='lat' dir='ltr'><strong>Ad</strong></span> <span class='ocrx_word' id='word_1_256' title='bbox 270 3344 336 3391; x_wconf 84' lang='lat' dir='ltr'><strong>quac</strong></span> <span class='ocrx_word' id='word_1_257' title='bbox 360 3329 478 3392; x_wconf 80' lang='lat' dir='ltr'><strong>apposito</strong></span> <span class='ocrx_word' id='word_1_258' title='bbox 505 3330 638 3394; x_wconf 85' lang='lat' dir='ltr'><strong>respondit</strong></span> <span class='ocrx_word' id='word_1_259' title='bbox 658 3327 792 3393; x_wconf 87' lang='lat' dir='ltr'><strong>Georgii</strong></span> <span class='ocrx_word' id='word_1_260' title='bbox 820 3329 878 3378; x_wconf 88' lang='lat' dir='ltr'><strong>loco</strong></span> <span class='ocrx_word' id='word_1_261' title='bbox 905 3330 956 3378; x_wconf 85' lang='lat' dir='ltr'><strong>iam</strong></span> <span class='ocrx_word' id='word_1_262' title='bbox 984 3343 1062 3392; x_wconf 87' lang='lat' dir='ltr'><strong>supra</strong></span> <span class='ocrx_word' id='word_1_263' title='bbox 1087 3329 1191 3378; x_wconf 84' lang='lat' dir='ltr'><strong>laudato</strong></span> <span class='ocrx_word' id='word_1_264' title='bbox 1219 3337 1244 3378; x_wconf 90' lang='lat' dir='ltr'><strong>et</strong></span> <span class='ocrx_word' id='word_1_265' title='bbox 1269 3330 1395 3388; x_wconf 77' lang='lat' dir='ltr'><strong>Bonita,</strong></span> 
     </span>
     <span class='ocr_line' id='line_1_29' title="bbox 99 3416 470 3476; baseline -0.003 -12"><span class='ocrx_word' id='word_1_266' title='bbox 99 3416 220 3473; x_wconf 82' lang='lat' dir='ltr'><strong>Hermes,</strong></span> <span class='ocrx_word' id='word_1_267' title='bbox 243 3419 314 3476; x_wconf 86' lang='grc'><em>1869,</em></span> <span class='ocrx_word' id='word_1_268' title='bbox 335 3416 391 3474; x_wconf 87' lang='grc' dir='ltr'><strong>ΠΙ,</strong></span> <span class='ocrx_word' id='word_1_269' title='bbox 410 3419 470 3465; x_wconf 79' lang='grc'><strong>447.</strong></span> 
     </span>
     <span class='ocr_line' id='line_1_30' title="bbox 171 3495 1395 3567; baseline 0.001 -18"><span class='ocrx_word' id='word_1_270' title='bbox 171 3495 182 3527; x_wconf 74' lang='lat'><em>²</em></span> <span class='ocrx_word' id='word_1_271' title='bbox 200 3502 263 3564; x_wconf 75' lang='lat' dir='ltr'><strong>Aql.</strong></span> <span class='ocrx_word' id='word_1_272' title='bbox 280 3519 309 3564; x_wconf 82' lang='lat' dir='ltr'><strong>p.</strong></span> <span class='ocrx_word' id='word_1_273' title='bbox 325 3505 383 3551; x_wconf 83' lang='lat'><strong>790.</strong></span> <span class='ocrx_word' id='word_1_274' title='bbox 405 3531 433 3539; x_wconf 93' lang='lat'>-</span> <span class='ocrx_word' id='word_1_275' title='bbox 455 3501 487 3551; x_wconf 93' lang='grc' dir='ltr'><strong>Ο.</strong></span> <span class='ocrx_word' id='word_1_276' title='bbox 506 3502 661 3562; x_wconf 87' lang='lat' dir='ltr'><strong>Mueller,</strong></span> <span class='ocrx_word' id='word_1_277' title='bbox 681 3503 866 3564; x_wconf 71' lang='lat' dir='ltr'><strong>Proleqomeno</strong></span> <span class='ocrx_word' id='word_1_278' title='bbox 881 3518 913 3550; x_wconf 75' lang='lat' dir='ltr'><strong><em>w</em></strong></span> <span class='ocrx_word' id='word_1_279' title='bbox 930 3503 1000 3550; x_wconf 80' lang='lat' dir='ltr'><strong>einer</strong></span> <span class='ocrx_word' id='word_1_280' title='bbox 1017 3502 1275 3567; x_wconf 74' lang='lat' dir='ltr'><strong>wissenschaftlicken</strong></span> <span class='ocrx_word' id='word_1_281' title='bbox 1293 3500 1395 3565; x_wconf 70' lang='lat' dir='ltr'><strong>Mysio-</strong></span> 
     </span>
     <span class='ocr_line' id='line_1_31' title="bbox 100 3587 1394 3653; baseline -0.002 -17"><span class='ocrx_word' id='word_1_282' title='bbox 100 3588 169 3650; x_wconf 70' lang='lat' dir='ltr'><strong>loqie</strong></span> <span class='ocrx_word' id='word_1_283' title='bbox 189 3587 340 3651; x_wconf 67' lang='lat' dir='ltr'><strong>(Gdttinyen</strong></span> <span class='ocrx_word' id='word_1_284' title='bbox 360 3588 453 3651; x_wconf 78' lang='lat'>1825),</span> <span class='ocrx_word' id='word_1_285' title='bbox 475 3605 505 3653; x_wconf 79' lang='lat' dir='ltr'><strong>p.</strong></span> <span class='ocrx_word' id='word_1_286' title='bbox 525 3593 574 3636; x_wconf 80' lang='lat'><strong>385</strong></span> <span class='ocrx_word' id='word_1_287' title='bbox 599 3589 668 3637; x_wconf 89' lang='lat' dir='ltr'><strong>hunc</strong></span> <span class='ocrx_word' id='word_1_288' title='bbox 692 3602 792 3636; x_wconf 78' lang='lat' dir='ltr'><strong>versum</strong></span> <span class='ocrx_word' id='word_1_289' title='bbox 816 3588 846 3636; x_wconf 87' lang='lat' dir='ltr'><strong>de</strong></span> <span class='ocrx_word' id='word_1_290' title='bbox 872 3588 1014 3637; x_wconf 89' lang='lat' dir='ltr'><strong>animarum</strong></span> <span class='ocrx_word' id='word_1_291' title='bbox 1039 3589 1190 3652; x_wconf 83' lang='lat' dir='ltr'><strong>migratione</strong></span> <span class='ocrx_word' id='word_1_292' title='bbox 1218 3588 1313 3635; x_wconf 87' lang='lat' dir='ltr'><strong>dictum</strong></span> <span class='ocrx_word' id='word_1_293' title='bbox 1337 3599 1394 3634; x_wconf 88' lang='lat' dir='ltr'><strong>esse</strong></span> 
     </span>
     <span class='ocr_line' id='line_1_32' title="bbox 99 3671 1104 3737; baseline 0.003 -19"><span class='ocrx_word' id='word_1_294' title='bbox 99 3671 209 3734; x_wconf 83' lang='lat' dir='ltr'><strong>putavit,</strong></span> <span class='ocrx_word' id='word_1_295' title='bbox 230 3687 341 3734; x_wconf 89' lang='lat' dir='ltr'><strong>quocum</strong></span> <span class='ocrx_word' id='word_1_296' title='bbox 359 3673 486 3722; x_wconf 79' lang='lat' dir='ltr'><strong>consentit</strong></span> <span class='ocrx_word' id='word_1_297' title='bbox 505 3671 670 3734; x_wconf 81' lang='lat' dir='ltr'><strong>Gerharu,</strong></span> <span class='ocrx_word' id='word_1_298' title='bbox 696 3675 776 3723; x_wconf 79' lang='lat' dir='ltr'><strong>Ueber</strong></span> <span class='ocrx_word' id='word_1_299' title='bbox 797 3675 876 3737; x_wconf 77' lang='lat' dir='ltr'><strong>Orph.</strong></span> <span class='ocrx_word' id='word_1_300' title='bbox 895 3690 923 3737; x_wconf 79' lang='lat' dir='ltr'><strong>p.</strong></span> <span class='ocrx_word' id='word_1_301' title='bbox 945 3677 975 3721; x_wconf 87' lang='grc'><strong>65</strong></span> <span class='ocrx_word' id='word_1_302' title='bbox 995 3676 1029 3724; x_wconf 85' lang='lat' dir='ltr'><strong>N.</strong></span> <span class='ocrx_word' id='word_1_303' title='bbox 1048 3679 1104 3722; x_wconf 88' lang='lat'>109.</span> 
     </span>
     <span class='ocr_line' id='line_1_33' title="bbox 170 3753 1394 3825; baseline -0.002 -20"><span class='ocrx_word' id='word_1_304' title='bbox 170 3753 233 3805; x_wconf 75' lang='grc' dir='ltr'><strong>3Α.</strong></span> <span class='ocrx_word' id='word_1_305' title='bbox 253 3757 435 3819; x_wconf 82' lang='lat' dir='ltr'><strong>Loheckio,</strong></span> <span class='ocrx_word' id='word_1_306' title='bbox 462 3761 524 3823; x_wconf 64' lang='lat' dir='ltr'><strong>Agl.</strong></span> <span class='ocrx_word' id='word_1_307' title='bbox 541 3777 571 3825; x_wconf 78' lang='lat' dir='ltr'><strong>p.</strong></span> <span class='ocrx_word' id='word_1_308' title='bbox 593 3763 651 3808; x_wconf 86' lang='grc'><strong>789.</strong></span> <span class='ocrx_word' id='word_1_309' title='bbox 689 3758 809 3807; x_wconf 87' lang='lat' dir='ltr'><strong>Ceterum</strong></span> <span class='ocrx_word' id='word_1_310' title='bbox 837 3757 971 3807; x_wconf 85' lang='lat' dir='ltr'><strong>Theocriti</strong></span> <span class='ocrx_word' id='word_1_311' title='bbox 998 3758 1104 3822; x_wconf 83' lang='lat' dir='ltr'><strong>Thyrsis</strong></span> <span class='ocrx_word' id='word_1_312' title='bbox 1132 3756 1182 3820; x_wconf 85' lang='lat' dir='ltr'><strong>(Id.</strong></span> <span class='ocrx_word' id='word_1_313' title='bbox 1207 3755 1229 3816; x_wconf 88' lang='lat'><strong>1,</strong></span> <span class='ocrx_word' id='word_1_314' title='bbox 1250 3754 1394 3820; x_wconf 85' lang='grc'>64-143)</span> 
     </span>
     <span class='ocr_line' id='line_1_34' title="bbox 98 3843 819 3906; baseline 0.003 -16"><span class='ocrx_word' id='word_1_315' title='bbox 98 3843 186 3905; x_wconf 89' lang='lat' dir='ltr'><strong>prima</strong></span> <span class='ocrx_word' id='word_1_316' title='bbox 204 3851 295 3892; x_wconf 86' lang='lat' dir='ltr'><strong>cantus</strong></span> <span class='ocrx_word' id='word_1_317' title='bbox 313 3851 384 3906; x_wconf 84' lang='lat' dir='ltr'><strong>parte</strong></span> <span class='ocrx_word' id='word_1_318' title='bbox 403 3844 452 3893; x_wconf 89' lang='lat' dir='ltr'><strong>hoc</strong></span> <span class='ocrx_word' id='word_1_319' title='bbox 470 3846 550 3893; x_wconf 89' lang='lat' dir='ltr'><strong>utitur</strong></span> <span class='ocrx_word' id='word_1_320' title='bbox 568 3860 641 3893; x_wconf 85' lang='lat' dir='ltr'><strong>verso</strong></span> <span class='ocrx_word' id='word_1_321' title='bbox 660 3845 819 3893; x_wconf 85' lang='lat' dir='ltr'><strong>intercalari:</strong></span> 
     </span>
     <span class='ocr_line' id='line_1_35' title="bbox 362 3923 1089 4002; baseline -0.001 -23"><span class='ocrx_word' id='word_1_322' title='bbox 362 3923 478 4000; x_wconf 77' lang='grc' dir='ltr'>Ἀρχετε</span> <span class='ocrx_word' id='word_1_323' title='bbox 498 3929 651 3999; x_wconf 78' lang='grc' dir='ltr'><strong>βωιιολικᾶς,</strong></span> <span class='ocrx_word' id='word_1_324' title='bbox 672 3926 767 3983; x_wconf 83' lang='grc' dir='ltr'>Μῶσαι</span> <span class='ocrx_word' id='word_1_325' title='bbox 784 3929 865 4001; x_wconf 73' lang='grc' dir='ltr'>φίλαι,</span> <span class='ocrx_word' id='word_1_326' title='bbox 886 3926 973 4002; x_wconf 79' lang='grc' dir='ltr'>ἄρχετ’</span> <span class='ocrx_word' id='word_1_327' title='bbox 993 3928 1089 3986; x_wconf 80' lang='grc' dir='ltr'><strong>ἀοιδᾶς,</strong></span> 
     </span>
     <span class='ocr_line' id='line_1_36' title="bbox 97 4014 431 4077; baseline 0.003 -14"><span class='ocrx_word' id='word_1_328' title='bbox 97 4014 182 4063; x_wconf 87' lang='lat' dir='ltr'><strong>altera</strong></span> <span class='ocrx_word' id='word_1_329' title='bbox 199 4028 260 4062; x_wconf 85' lang='lat' dir='ltr'><strong>vero</strong></span> <span class='ocrx_word' id='word_1_330' title='bbox 278 4021 350 4077; x_wconf 83' lang='lat' dir='ltr'><strong>parte</strong></span> <span class='ocrx_word' id='word_1_331' title='bbox 368 4014 431 4064; x_wconf 85' lang='lat' dir='ltr'><strong>hoc:</strong></span> 
     </span>
     <span class='ocr_line' id='line_1_37' title="bbox 84 4095 1078 4172; baseline -0.001 -22"><span class='ocrx_word' id='word_1_332' title='bbox 84 4096 87 4101; x_wconf 68' lang='grc'>’</span> <span class='ocrx_word' id='word_1_333' title='bbox 368 4095 470 4169; x_wconf 70' lang='grc' dir='ltr'>Λήγετε</span> <span class='ocrx_word' id='word_1_334' title='bbox 490 4099 643 4170; x_wconf 75' lang='grc' dir='ltr'><strong>βωκολιιιᾶς,</strong></span> <span class='ocrx_word' id='word_1_335' title='bbox 663 4096 758 4154; x_wconf 82' lang='grc' dir='ltr'>Μῶσαι</span> <span class='ocrx_word' id='word_1_336' title='bbox 775 4099 856 4172; x_wconf 76' lang='grc' dir='ltr'>φίλαι,</span> <span class='ocrx_word' id='word_1_337' title='bbox 876 4095 962 4168; x_wconf 54' lang='grc' dir='ltr'><strong>λήγοιτ’</strong></span> <span class='ocrx_word' id='word_1_338' title='bbox 983 4097 1078 4154; x_wconf 78' lang='grc' dir='ltr'><strong>ἀοιδᾶς.</strong></span> 
     </span>
     <span class='ocr_line' id='line_1_38' title="bbox 167 4184 1260 4254; baseline 0.001 -23"><span class='ocrx_word' id='word_1_339' title='bbox 167 4184 198 4232; x_wconf 87' lang='lat' dir='ltr'><strong>Id</strong></span> <span class='ocrx_word' id='word_1_340' title='bbox 218 4184 287 4246; x_wconf 87' lang='lat' dir='ltr'><strong>quod</strong></span> <span class='ocrx_word' id='word_1_341' title='bbox 306 4185 337 4232; x_wconf 91' lang='lat' dir='ltr'><strong>ab</strong></span> <span class='ocrx_word' id='word_1_342' title='bbox 356 4186 401 4233; x_wconf 93' lang='lat' dir='ltr'><strong>illo</strong></span> <span class='ocrx_word' id='word_1_343' title='bbox 419 4185 602 4238; x_wconf 77' lang='grc' dir='ltr'>καταπαύσατε</span> <span class='ocrx_word' id='word_1_344' title='bbox 620 4185 716 4253; x_wconf 72' lang='grc' dir='ltr'>κόσμον</span> <span class='ocrx_word' id='word_1_345' title='bbox 736 4184 824 4254; x_wconf 71' lang='grc' dir='ltr'><strong>ἀοιδῆς</strong></span> <span class='ocrx_word' id='word_1_346' title='bbox 842 4200 894 4234; x_wconf 91' lang='lat' dir='ltr'><strong>non</strong></span> <span class='ocrx_word' id='word_1_347' title='bbox 911 4185 1020 4233; x_wconf 88' lang='lat' dir='ltr'><strong>multum</strong></span> <span class='ocrx_word' id='word_1_348' title='bbox 1038 4185 1137 4234; x_wconf 87' lang='lat' dir='ltr'><strong>videtur</strong></span> <span class='ocrx_word' id='word_1_349' title='bbox 1155 4185 1260 4234; x_wconf 84' lang='lat' dir='ltr'><strong>distare.</strong></span> 
     </span>
     <span class='ocr_line' id='line_1_39' title="bbox 167 4265 1020 4342; baseline 0 -23"><span class='ocrx_word' id='word_1_350' title='bbox 167 4265 179 4297; x_wconf 77' lang='lat'><strong>⁴</strong></span> <span class='ocrx_word' id='word_1_351' title='bbox 200 4271 293 4332; x_wconf 71' lang='lat' dir='ltr'><strong>Theoy.</strong></span> <span class='ocrx_word' id='word_1_352' title='bbox 313 4287 337 4319; x_wconf 81' lang='grc' dir='ltr'><strong>ο.</strong></span> <span class='ocrx_word' id='word_1_353' title='bbox 358 4275 421 4319; x_wconf 86' lang='lat'><strong>965:</strong></span> <span class='ocrx_word' id='word_1_354' title='bbox 440 4275 484 4322; x_wconf 78' lang='grc' dir='ltr'><strong>νῦν</strong></span> <span class='ocrx_word' id='word_1_355' title='bbox 503 4270 532 4322; x_wconf 80' lang='grc' dir='ltr'><strong>δὲ</strong></span> <span class='ocrx_word' id='word_1_356' title='bbox 551 4269 637 4323; x_wconf 78' lang='grc' dir='ltr'>θεάων</span> <span class='ocrx_word' id='word_1_357' title='bbox 655 4270 735 4342; x_wconf 77' lang='grc' dir='ltr'>φῦλον</span> <span class='ocrx_word' id='word_1_358' title='bbox 755 4268 867 4328; x_wconf 76' lang='grc' dir='ltr'><strong>ἀείσατε,</strong></span> <span class='ocrx_word' id='word_1_359' title='bbox 887 4269 1020 4338; x_wconf 77' lang='grc' dir='ltr'>ἡδυέπειαι</span> 
     </span>
     <span class='ocr_line' id='line_1_40' title="bbox 367 4351 995 4425; baseline -0.005 -18"><span class='ocrx_word' id='word_1_360' title='bbox 367 4351 469 4407; x_wconf 83' lang='grc' dir='ltr'>Μοῦσαι</span> <span class='ocrx_word' id='word_1_361' title='bbox 485 4351 658 4425; x_wconf 81' lang='grc' dir='ltr'>Ὀλυμπιάδες</span> <span class='ocrx_word' id='word_1_362' title='bbox 675 4355 733 4407; x_wconf 72' lang='grc' dir='ltr'><strong>κτλ.</strong></span> <span class='ocrx_word' id='word_1_363' title='bbox 753 4356 812 4405; x_wconf 83' lang='grc' dir='ltr'>αοΙΙ.</span> <span class='ocrx_word' id='word_1_364' title='bbox 831 4369 856 4403; x_wconf 85' lang='lat' dir='ltr'><strong>v.</strong></span> <span class='ocrx_word' id='word_1_365' title='bbox 880 4360 941 4404; x_wconf 82' lang='lat'>1021</span> <span class='ocrx_word' id='word_1_366' title='bbox 957 4370 995 4418; x_wconf 90' lang='lat' dir='ltr'><strong>sq.</strong></span> 
     </span>
    </p>
   </div>
   <div class='ocr_carea' id='block_1_7' title="bbox 0 0 1498 4800">
    <p class='ocr_par' dir='ltr' id='par_1_7' title="bbox 0 0 1498 4800">
     <span class='ocr_line' id='line_1_41' title="bbox 0 0 1498 4800; baseline 0 0"><span class='ocrx_word' id='word_1_367' title='bbox 0 0 1498 4800; x_wconf 95' lang='lat' dir='ltr'><strong> </strong></span> 
     </span>
    </p>
   </div>
  </div>
 </body>
</html>
