2986 4800
690 196 728 255 51

64 397 156 479 quod
172 395 407 460 Lobeckius
426 396 517 473 vult,
540 396 580 459 ab
598 396 805 460 Onomacriti
820 406 949 472 Τελεταῖς
966 420 1032 461 non
1054 398 1219 463 diversum
1241 400 1356 464 haberi

62 516 185 599 possit.
217 518 267 578 Ac
282 514 422 598 primum
439 515 573 597 quidem
589 516 696 579 afferri
712 525 824 600 potest
839 517 923 581 illud
938 525 1139 604 πολυθρύλητον
1155 519 1353 584 Herodoti:²

63 643 145 705 Οὗτοι
161 635 338 717 (Ηθῐῐλθῐῑλθ
354 632 483 699 ΙθὶῙὶθθϊ
503 643 537 697 et
552 634 729 719 Hesiodus)
752 646 782 704 δέ
804 643 855 704 elur
869 645 894 704 ol
910 647 1068 723 ποιήσαντες
1086 647 1225 724 θεογονίην
1240 644 1356 725 Ἕλλησι

140 765 166 823 οἱ
182 765 212 822 δὲ
227 758 359 840 πρότερον
373 763 480 839 ποιηταὶ
495 763 631 840 λεγόμενοι
650 763 752 824 τούτων
770 771 823 824 τῶν
844 765 966 840 γενέσθαι
987 764 1111 843 ὕστερον,
1131 765 1222 843 ἔμοιγε
1243 766 1354 840 δοκέειν,

63 885 193 959 ἐγένοντο.
224 872 354 936 Quibus
374 872 483 936 verbis
505 873 714 938 Herodotum
734 897 800 938 non
821 896 960 957 negare,
981 874 1115 952 „fuisse
1135 883 1211 938 ante
1232 877 1354 939 Home-

63 1016 138 1056 rum
162 1000 297 1076 poetas,
325 992 383 1056 sed
408 1001 538 1056 exstare
568 993 746 1077 quidquam
775 995 809 1057 in
838 994 960 1058 litteris
989 994 1156 1078 antiquius
1166 1003 1198 1072 “,
1230 995 1354 1079 optime

63 1111 181 1176 docuit
202 1112 437 1176 Lobeckius
461 1113 541 1196 Agl.
564 1137 596 1196 p.
615 1117 688 1178 348.
727 1114 845 1196 ltaque
866 1114 1073 1192 Herodotus,
1097 1115 1153 1199 qui
1174 1115 1355 1179 Homerum

63 1242 98 1296 et
123 1232 309 1295 Hesiodum
338 1232 588 1315 quadringentis
619 1232 712 1296 annis
743 1240 820 1296 ante
851 1255 885 1296 se
917 1233 1038 1297 vixisse
1068 1242 1181 1318 putet,
1210 1235 1356 1319 Orphica

64 1353 190 1436 scripta
210 1374 269 1416 suo
292 1359 441 1434 tempore
461 1353 658 1435 pervulgata
679 1352 851 1415 contendit
872 1361 950 1436 post
971 1375 1093 1416 annum
1116 1353 1354 1435 octingentesi·
1412 1369 1416 1377 “

64 1495 154 1534 ιιιιιιιι
171 1471 378 1535 tricesimum
394 1471 517 1554 scripta
533 1494 615 1535 esse.
656 1472 751 1535 Alios
767 1494 845 1536 vero
862 1472 961 1536 aliam
981 1479 1114 1535 secutos
1135 1493 1207 1536 esse
1229 1471 1354 1554 opinio·

66 1612 160 1668 uem,
184 1613 259 1655 cum
282 1591 352 1675 ipse
375 1592 483 1654 verbis
508 1600 598 1677 ἔμοιγε
621 1602 722 1661 δοκέειν
743 1592 903 1671 indicat-,²
928 1599 1001 1654 tum
1024 1613 1066 1655 ex
1089 1592 1145 1669 iis,
1172 1614 1254 1674 quos
1277 1592 1354 1655 Lo·

66 1709 236 1773 bechius
257 1711 395 1794 collegit
412 1713 492 1793 Agl.
511 1736 543 1796 p.
562 1715 623 1776 329
640 1735 689 1795 sq.
698 1761 708 1790 ,
731 1720 880 1775 veterum
902 1711 1099 1794 scriptorum
1120 1711 1202 1774 locis
1223 1711 1353 1775 abunde

63 1837 171 1913 patet.
205 1830 375 1893 Trecentis
392 1840 503 1894 autern
523 1832 616 1895 annis
635 1839 713 1915 post
729 1833 911 1895 Homerum
931 1855 949 1895 a
971 1832 1112 1914 quodam
1129 1830 1354 1895 Pisistratida-

62 1972 136 2012 rum
162 1949 294 2032 aequali
319 1950 453 2034 aliquod
475 1951 602 2034 Orphei
626 1975 708 2035 opus
734 1951 1001 2015 comment-icium
1027 1951 1153 2014 editum
1178 1972 1265 2028 esse,
1288 1973 1356 2013 non

64 2069 147 2132 dicit
164 2069 373 2147 Herodotus,
395 2077 498 2154 negat
514 2092 591 2133 vero
608 2071 826 2147 Aristoteles,
850 2070 878 2132 si
900 2069 1032 2152 quidem
1053 2092 1120 2132 non
1141 2070 1182 2132 de
1205 2068 1355 2151 quolibet

63 2188 213 2272 Orphico
231 2189 315 2252 libro
333 2190 390 2252 sed
407 2190 447 2253 de
464 2189 657 2272 Theogonia
673 2189 851 2272 quaeritur.
882 2189 917 2251 Is
934 2187 1020 2252 enim
1038 2187 1182 2250 omnium
1199 2186 1354 2270 gravissi·

64 2331 136 2371 mus
153 2307 308 2391 scriptor,
326 2309 383 2372 ubi
399 2309 439 2372 de
457 2309 582 2392 Orphei
599 2309 730 2393 scriptis
746 2309 909 2392 loquitur,
928 2308 992 2371 duo
1009 2307 1090 2372 mihi
1107 2329 1219 2370 eorum
1235 2328 1356 2390 genera

63 2427 272 2511 distinguere
294 2428 441 2508 videtur,
465 2430 607 2492 alterum
622 2452 689 2492 non
711 2429 784 2492 dico
810 2450 924 2492 verum
949 2428 1007 2491 sed
1031 2435 1143 2491 tamen
1169 2425 1355 2491 vetustissi-

62 2570 172 2625 mum,
195 2546 338 2611 alterum
354 2548 568 2612 subditicium
585 2557 620 2612 et
635 2549 818 2613 recentiore
836 2556 985 2631 tempore
1006 2548 1197 2611 confictum.
1229 2546 1304 2610 Oua
1322 2544 1355 2609 in
1394 2555 1395 2558 ’

62 2688 98 2730 re
124 2689 201 2731 cum
233 2668 316 2730 bene
350 2666 451 2730 sciam
482 2667 784 2752 praestantissimos
814 2667 901 2731 viros
931 2666 1027 2729 aliter
1056 2666 1209 2744 sentire³,
1241 2664 1355 2748 paucis

64 2785 185 2864 dicam,
201 2808 259 2849 cur
274 2786 322 2849 ita
337 2786 491 2850 iudicem.
517 2788 628 2850 Notus
646 2796 697 2850 est
710 2785 877 2850 Ciceronis
894 2787 987 2848 locus
1003 2785 1044 2849 de
1056 2786 1101 2848 N.
1113 2785 1155 2847 D.
1168 2784 1196 2862 I,
1209 2787 1262 2848 38.
1277 2786 1352 2848 107:

63 2905 264 2988 „Orpheum
275 2914 409 2988 poetam
423 2906 523 2970 docet
536 2905 737 2969 Aristoteles
747 2928 925 2988 numquam
936 2905 1038 2967 fuisse
1049 2911 1083 2967 et
1096 2905 1158 2966 hoc
1172 2902 1355 2986 Orphicum

64 3046 199 3088 carmen
213 3025 419 3109 Pythagorei
440 3025 553 3089 ferunt
570 3025 740 3108 cujusdam
763 3024 865 3087 fuisse
883 3023 1079 3107 Cercopis“
1112 3024 1154 3086 In
1170 3021 1353 3084 Aristotele

63 3143 169 3226 igitur
191 3144 306 3208 Cicero
331 3145 493 3229 quaedam
516 3167 550 3208 se
574 3144 695 3226 legisse
718 3144 926 3221 recordatur,
952 3165 1034 3225 quae
1058 3143 1163 3205 ullum
1183 3141 1354 3222 Orpheum

62 3270 200 3346 poetam
216 3263 317 3327 fuisse
333 3264 367 3327 in
384 3264 520 3327 dubium
536 3263 737 3339 revocarint3
760 3263 818 3326 sed
835 3263 975 3325 eundem
992 3261 1209 3324 Aristotelem
1227 3266 1354 3322 certum

65 3382 251 3466 Orphicum
268 3405 398 3447 carmen
413 3383 551 3467 Cercopi
568 3383 764 3460 adscribere,
783 3382 875 3445 nullo
892 3382 992 3445 verbo
1008 3380 1144 3447 indicat.
1170 3379 1252 3442 Quis
1267 3379 1354 3442 enim

62 3502 149 3565 illud
172 3501 336 3580 ,‚ferunt“
359 3503 401 3566 ad
423 3503 632 3586 precedentis
656 3500 795 3565 membri
817 3502 1005 3584 subjeetum
1025 3499 1280 3579 ,‚Aristoteles“
1302 3519 1352 3560 re·

133 3672 204 3734 1ΙΙ,
224 3680 265 3736 53,
291 3691 367 3738 quem
391 3678 423 3725 ed
445 3677 532 3725 locum
549 3675 583 3724 Η.
604 3674 697 3726 Steiu
721 3676 749 3722 in
768 3675 879 3724 editione
898 3689 945 3723 sua
963 3673 1072 3724 conferri
1095 3673 1167 3721 iubet
1184 3668 1352 3732 Xenophanis

62 3776 166 3811 versus=
191 3761 275 3812 πάντα
299 3758 370 3818 θεοῖς
393 3759 526 3830 ἀνέθηκαν
542 3754 662 3832 Ὅμηρός
684 3757 707 3812 θ’
723 3756 842 3816 Ἡσίοδός
865 3777 907 3818 τε,
932 3754 965 3811 Ol
987 3751 1260 3830 uleicr’eqlllphuaro
1284 3749 1353 3805 θεῶν

61 3843 205 3914 ἀθεμίστια
222 3844 285 3917 ἔργα
303 3845 360 3898 κτλ.

132 3929 143 3961 ²
162 3934 312 3984 Herodotus
333 3934 423 3992 Viae
443 3934 474 3981 de
493 3930 660 3982 Onomacrito
678 3931 897 3979 Pisistratidarum
915 3927 1009 3976 comite
1027 3926 1156 3974 disserens
1175 3939 1234 3973 eum
1251 3925 1353 3975 Musaei

60 4019 171 4082 quidem
190 4016 302 4068 Orecula
320 4018 489 4081 interpolasse
508 4017 554 4081 (cf.
574 4017 636 4081 Apl.
652 4034 681 4080 p.
695 4020 744 4065 332
757 4016 808 4081 eq.)
820 4015 899 4078 dicit,
919 4013 964 4062 scd
982 4012 1013 4060 de
1031 4010 1119 4072 aliqua
1137 4008 1251 4074 Orphica
1268 4010 1353 4059 Theo·

59 4105 142 4168 gouia
161 4103 194 4152 ab
213 4117 244 4151 co
262 4103 397 4167 supposita
414 4102 478 4150 nihil
497 4103 575 4151 addit.
600 4101 697 4150 Verum
715 4115 748 4150 ex
765 4100 814 4149 hoc
832 4097 936 4147 silentio
954 4111 1007 4145 non
1025 4095 1180 4158 collegerim,
1193 4096 1353 4145 Herodotum

60 4206 121 4240 eam
139 4190 312 4253 antiquiorem
329 4189 375 4239 illo
394 4189 572 4252 chresmologo
590 4188 722 4237 habuisse.

133 4273 250 4324 ³Etiam
272 4275 363 4324 Bode
387 4275 419 4339 (l.
441 4292 462 4324 ο.
479 4292 508 4339 p.
530 4274 590 4338 54),
618 4273 783 4331 Aristoteles,
802 4270 901 4332 inquit,
926 4268 1010 4317 omnia
1036 4268 1150 4318 carmina
1174 4264 1287 4329 Orphica
1311 4234 1351 4312 edi

60 4362 189 4426 temporis
207 4375 254 4424 pro
274 4360 367 4422 spuriis
385 4359 533 4408 declaravit.

1101 4437 1137 4486 4*
