2986 4800
715 181 883 275 A„

159 386 267 451 enim?
291 385 379 448 Num
395 391 570 467 propterea
586 382 674 466 quod
690 382 799 464 ulique
815 380 885 444 eius
901 380 1070 443 doctrinae
1083 377 1227 462 vestigia
1240 385 1320 441 ante
1332 377 1443 441 Novo·

159 527 233 570 rum
248 502 495 567 Platonicorum
509 523 626 565 aevum
641 507 829 578 occurrunt,
846 499 912 564 iem
923 497 1130 563 Onomscriti
1143 497 1352 581 temporibus
1366 497 1444 560 essi·

160 624 291 708 gnanda
301 622 382 687 erit?
405 623 560 685 Fortasse
571 621 796 697 concederem,
813 619 841 682 si
852 619 1012 683 eiusmodi
1021 617 1165 701 vestigia
1180 617 1269 702 apud
1277 616 1443 680 Periclese

160 742 279 808 aetatis
296 741 473 826 scriptores
489 739 727 803 invenirentur.
764 743 813 803 At
828 738 943 802 muudi
957 760 1016 822 per
1030 740 1215 802 Phenetem
1235 735 1364 799 conditi
1381 735 1444 819 pri·

158 885 242 940 mus,
260 868 298 924 ut
313 862 379 924 iam
394 861 528 942 Zoege
543 865 634 923 recte
649 858 884 923 animadvertit
892 860 914 937 ¹,
934 858 1100 921 Diodorus
1116 855 1320 920 ment-ionem
1339 854 1444 918 facere

159 981 301 1044 videtur.
330 982 383 1043 Ao
397 1001 438 1042 ne
455 980 518 1041 hoc
535 978 667 1061 quidem
682 978 910 1042 testimonium
926 977 1016 1040 omni
1032 975 1216 1061 suspicione
1233 984 1339 1038 caret.
1368 973 1442 1037 Dio·

161 1100 260 1163 dorus
280 1097 385 1162 enim²
407 1098 446 1161 de
463 1097 704 1181 Aegyptiorum
729 1097 851 1162 fabulis
872 1097 1035 1161 disserens
1056 1117 1111 1159 eos
1128 1094 1251 1158 Osirim
1271 1102 1308 1158 61
1323 1093 1442 1157 Isidem

160 1218 282 1302 primos
303 1217 383 1281 deos
403 1217 558 1280 habuisse
578 1224 701 1280 narrat.
734 1217 858 1280 Osirim
874 1217 986 1280 Solem
1008 1237 1092 1279 esse.
1124 1215 1315 1278 Nonnullos
1337 1222 1442 1277 eutem

160 1345 310 1401 veterum
319 1344 492 1421 poetarum
503 1337 703 1400 Graecorum
714 1358 787 1400 enm
799 1337 900 1400 etism
909 1336 1095 1419 Dionysum
1104 1354 1326 1417 nuncupasse.
1350 1331 1440 1396 Quod

158 1464 198 1520 ut
213 1458 341 1540 probet,
358 1456 499 1540 primum
514 1456 671 1538 Eumolpi
686 1456 805 1519 deinde
821 1455 947 1539 Orphei
961 1477 1093 1518 versum
1108 1455 1235 1537 allegat
1250 1453 1304 1516 his
1320 1451 1440 1517 verbis:

159 1583 304 1663 Εὔμολπος
318 1585 345 1646 ἐν
358 1590 413 1652 τοῖς
427 1585 572 1666 Βακχικοῖς
588 1584 666 1644 ἔπεσί
679 1609 744 1663 φησι

175 1755 179 1763 ,
372 1692 521 1767 Ἀστροφαῆ
540 1690 658 1748 Διόνυσον
677 1695 703 1747 ἐν
722 1694 848 1747 άιιτίνεσσι
864 1695 992 1767 πυρωπόν,

165 1802 325 1884 Ὀρφεὺςλδὲ

376 1913 492 1969 Τούνειιά
510 1935 552 1986 μιν
569 1917 690 1970 καλέουσι
708 1914 817 1988 Φάνητά
834 1936 863 1971 σε
881 1913 1070 1970 surdescere.

160 2017 234 2082 Hoc
258 2017 361 2101 igitur
384 2039 482 2082 versu
504 2018 650 2101 Orphioo
676 2020 757 2083 mihi
780 2043 847 2084 non
870 2029 941 2084 tem
964 2020 1021 2083 ille
1045 2017 1312 2102 Rhapsodierum
1335 2012 1442 2079 mundi

161 2136 328 2216 conditor,
356 2137 408 2201 cui
433 2137 534 2201 etism
558 2139 691 2203 nomine
716 2139 852 2203 Metidis
878 2147 912 2205 et
936 2138 1115 2223 Eracapaei
1143 2143 1239 2215 sunt,
1267 2158 1367 2219 quum
1391 2133 1441 2197 Sol

159 2257 310 2321 denotari
334 2257 476 2321 videtur.
523 2258 564 2321 Id
594 2259 682 2341 quod
710 2258 895 2323 affirmatur
920 2256 1084 2323 Macrobii
1113 2256 1261 2321 verbis³:
1294 2256 1442 2339 Orpheus

162 2377 296 2439 Solem
311 2376 427 2439 volens
444 2376 589 2460 intelligi
605 2377 652 2441 ait
667 2378 753 2442 inter
769 2387 900 2443 caetera

374 2496 462 2566 τήιιων
481 2494 573 2568 αἰθέρα
592 2497 646 2550 δῖον
665 2497 784 2569 άιιίνησον
801 2500 858 2571 πρὶν
877 2500 952 2553 ἐόντα

376 2598 514 2672 ἐξανὲφηνε
533 2598 604 2656 θεοῖς
622 2601 690 2672 ὥραν
708 2602 849 2675 κάλλιστον.
865 2601 972 2663 ἰδέσθαι,

375 2701 403 2754 ὃν
422 2702 454 2771 δὴ
473 2708 516 2754 νῦν
534 2702 654 2755 καλέουσι
673 2700 782 2775 Φάνητά
799 2724 827 2757 τε
846 2705 890 2757 uui
908 2701 1034 2766 Διόνυσον,

297 2844 301 2848 -
376 2800 517 2875 Εὐβουλῆά
534 2801 559 2858 τ’
579 2803 677 2858 dusera
695 2806 739 2859 καὶ
755 2803 900 2878 Ἀνταίιγην
919 2806 1051 2880 ἀρίδηλον,

376 2892 449 2959 ἄλλοι
468 2904 492 2958 δ’
512 2905 576 2960 ἄλλο
594 2907 715 2960 καλοῦσιν
733 2907 885 2982 ἐπιχθονίων
905 2909 1056 2982 ἀνθρώπων,

374 3017 474 3081 πρῶτος
492 3006 517 3061 δ’
537 3011 564 3068 ἐς
581 3011 645 3083 φάος
662 3010 739 3083 ἦλθε,
758 3008 884 3071 Διώνυσος
902 3010 926 3064 δ’
946 3010 1092 3083 ἐπεκλήθη,

375 3109 469 3165 οὕνεκα
488 3113 593 3166 δινεῖτοιι
610 3111 669 3167 κατ’
690 3114 810 3194 ἀπείρονα
828 3116 927 3188 μακρὸν
940 3111 1075 3184 Ὄλυμπον

376 3213 521 3288 dilexeris
539 3213 563 3268 δ’
583 3213 655 3287 ὄνομ’
676 3217 738 3291 ἔσχε
756 3217 930 3291 προςωνυμὶας
948 3219 1009 3292 πρὸς
1028 3218 1135 3272 ἕκαστον

376 3317 527 3370 παντοδαπὰ
544 3319 612 3371 κατὰ
629 3321 717 3392 καιρὸν
735 3320 914 3391 άμειβομένοισ
932 3322 1042 3395 χρόνοιο.

162 3415 291 3480 Deinde
308 3418 439 3482 omuino
456 3420 620 3484 incertum
636 3429 702 3501 661,
724 3430 835 3487 utrum
855 3425 891 3488 hi
912 3447 1025 3488 versus
1046 3446 1087 3488 ex
1102 3422 1229 3508 Orphei
1244 3420 1442 3506 Theogonis,

163 3557 204 3599 au
222 3557 262 3599 ex
278 3535 342 3600 elio
360 3537 427 3601 eius
445 3540 586 3604 carmine
603 3542 789 3626 deprompti
805 3544 883 3607 sint.
917 3545 1015 3608 Certe
1031 3544 1101 3627 ipse
1116 3543 1357 3621 Lobeckius‚
1375 3560 1443 3604 curn

60 3753 64 3759 .
162 3654 196 3718 in
212 3656 444 3740 Aglaophemo
461 3659 624 3723 Macrobii
637 3661 747 3725 locum
763 3687 829 3727 non
844 3664 952 3727 minus
970 3686 1067 3747 quam
1083 3687 1115 3748 p.
1129 3666 1191 3728 497
1209 3661 1312 3727 etiam
1327 3686 1360 3747 p.
1374 3661 1443 3734 460,

164 3773 221 3838 ubi
241 3775 281 3839 de
299 3776 423 3862 Orphei
440 3778 613 3842 Palinodie
632 3781 686 3844 vel
701 3792 845 3870 Διαθήκαις
865 3806 970 3848 sermo
988 3790 1050 3862 661,
1073 3789 1228 3867 apponat,
1250 3781 1354 3846 tacite
1372 3801 1443 3843 con·

163 3930 375 3943 ——-—

172 4018 177 4029 ·
234 3994 461 4068 ¹L.0.p.217.

233 4080 244 4113 ⁹
261 4088 332 4137 11611.
352 4090 375 4147 Ι,
397 4095 436 4138 ιι.

233 4166 379 4224 31166661.
400 4175 457 4226 Sat.
477 4178 505 4236 I,
530 4183 559 4226 18
585 4179 637 4242 (ed.
656 4181 752 4239 Janss,
782 4180 839 4229 Vol.
858 4183 933 4245 Hp.
956 4181 1026 4244 173),
1050 4180 1083 4229 of.
1103 4182 1136 4230 io.
1152 4197 1183 4246 p.
1205 4183 1267 4228 168:
1292 4178 1365 4228 Haec
1384 4189 1448 4240 quse

165 4257 196 4306 de
208 4257 330 4321 Apolline
343 4259 455 4309 diximus
474 4263 522 4324 (sc.
537 4264 684 4327 „Apollinis
701 4278 795 4315 nomen
812 4265 949 4330 multiplici
966 4266 1176 4329 interpretatione
1192 4267 1225 4315 sd
1238 4263 1327 4315 Solem
1337 4262 1447 4314 referri“

164 4342 189 4401 Ι,
211 4346 239 4392 11
255 4360 285 4408 p.
308 4343 369 4407 145)
386 4353 496 4407 possunt
514 4348 590 4396 ctiam
608 4352 640 4399 de
657 4351 754 4401 Libero
773 4352 842 4401 diets
860 4352 1011 4401 existimari.
