2986 4800
688 190 730 250 45

63 413 130 473 quo
151 389 281 452 imbuta
296 388 427 452 ridetur
448 388 561 452 fabula
577 389 617 453 de
635 391 793 453 Phanotis
810 391 973 474 cataposi,
998 413 1070 455 eam
1086 392 1190 455 veteri
1205 393 1357 476 Theogo-

62 509 139 573 niae
155 530 224 572 non
240 507 343 571 ausim
360 507 582 592 abjudicarc.¹

152 630 328 692 Postremo
352 627 379 690 si
410 627 482 711 quis
502 629 686 693 Phanetem
717 631 770 693 vel
800 637 935 714 propter
954 630 1125 714 Ericapaei
1154 653 1275 695 nomen
1304 632 1357 696 vel

63 749 269 835 singularem
294 746 440 811 indolem
464 756 498 810 et
523 754 632 811 ortum
657 756 691 811 et
715 749 785 812 fata
815 748 1025 833 peregrinum
1048 750 1145 814 deum
1171 750 1357 814 ducendum

62 875 177 954 putet,
201 889 269 931 non
284 865 470 929 inauditum
486 874 553 945 est,
575 875 652 950 post
668 868 799 931 Solonis
820 876 971 952 tempora
987 869 1131 933 Graecos
1150 890 1192 933 ex
1208 869 1288 933 Asia
1303 871 1357 933 vel

62 990 224 1071 Aegypto
241 1007 345 1050 noros
361 986 451 1064 deos,
468 985 562 1064 ritus,
582 988 739 1070 mysteria
754 987 929 1072 recepisse.
954 989 1071 1072 Neque
1086 990 1242 1072 Zagreus,
1261 1010 1357 1072 quem
1438 1050 1441 1055 .

63 1107 187 1172 scimus
211 1104 462 1169 Onomacritum
486 1105 555 1169 sive
580 1105 615 1168 in
634 1106 860 1190 Theogoniam
881 1107 949 1172 sire
974 1107 1008 1170 in
1028 1117 1148 1183 Τελετὰς
1168 1108 1293 1193 Orphei
1317 1130 1358 1172 ex

63 1232 224 1311 Aegypto
246 1224 299 1289 vel
316 1224 433 1288 Creta²
455 1225 684 1303 transtulisse,
706 1225 754 1288 ita
776 1227 916 1309 mystica
939 1234 1029 1290 caret
1050 1227 1324 1310 interpretatione
1333 1230 1356 1306 ³,

62 1355 102 1410 ut
122 1348 255 1409 Phanes
275 1351 450 1430 propterea
474 1367 493 1407 a
515 1346 646 1408 saeculo
667 1350 761 1408 sexto
784 1345 944 1409 arcendus
966 1345 1026 1423 sit,
1054 1346 1141 1428 quod
1167 1368 1238 1409 eam
1260 1347 1356 1410 nimis

65 1471 178 1548 aperte
194 1486 273 1548 prae
289 1486 324 1527 sc
340 1463 425 1528 ferre
441 1463 603 1528 videatur.
637 1464 678 1527 Id
694 1464 782 1547 quod
799 1485 837 1528 eo
853 1464 961 1527 minus
977 1464 1172 1543 mirandum,
1191 1487 1254 1547 quo
1270 1466 1356 1529 Pha-

67 1606 126 1647 nes
145 1583 355 1648 remotiorem
374 1607 394 1648 a
416 1582 478 1647 diis
500 1583 685 1668 Olympicis
705 1585 815 1647 locum
835 1591 946 1662 tenet,
971 1605 1046 1647 cum
1068 1583 1168 1648 etiam
1190 1584 1356 1647 Hesiodus

64 1705 189 1767 multos
220 1704 261 1766 ab
286 1702 380 1765 initio
407 1702 638 1786 cosmogoniae
663 1703 743 1767 deos
767 1703 931 1786 posuerit,
963 1725 1100 1786 quorum
1125 1711 1243 1767 natura
1267 1704 1356 1767 haud

63 1824 208 1887 multum
229 1846 249 1887 a
263 1821 380 1887 virium
398 1822 597 1886 naturalium
621 1830 655 1886 et
676 1825 978 1906 phaenomenorum
997 1823 1133 1887 notione
1154 1822 1355 1887 recederet.⁴

63 1943 200 2026 Species
224 1964 301 2006 vero
324 1942 377 2007 dei
400 1942 539 2006 taurinis
565 1942 769 2025 aliorumque
793 1943 984 2006 animalium
1006 1943 1171 2025 capitibus
1196 1943 1355 2020 accincta,

61 2063 125 2126 alis
145 2061 313 2147 praedita,
338 2068 485 2125 ceterum
505 2062 652 2125 mascula
674 2068 708 2125 et
729 2061 871 2125 feminea
890 2085 955 2125 non
972 2062 1078 2144 magis
1096 2084 1194 2143 quam
1214 2063 1284 2144 ejus
1301 2062 1356 2126 de·

39 2249 44 2259 ,
60 2181 190 2266 sorptio
207 2203 266 2265 per
281 2183 300 2245 J
303 2203 398 2245 ovem
413 2183 502 2245 sacta
519 2181 560 2244 ab
577 2179 815 2262 antiquissimis
831 2190 865 2244 et
880 2181 1017 2245 Homeri
1032 2188 1066 2244 et
1082 2180 1219 2245 Hesiodi
1235 2180 1357 2244 fabulis

60 2303 233 2380 abhorret,
256 2300 425 2384 inquibus
442 2299 640 2378 Centimani,
662 2300 822 2384 Typhnei,
840 2299 985 2380 Cerberi,
1005 2300 1186 2378 Echidnae,
1205 2299 1356 2364 Chimae-

61 2444 116 2486 rae
141 2421 273 2504 aliaque
295 2429 443 2484 monstra
464 2427 653 2498 occurrant,
676 2420 778 2484 Metis
799 2428 833 2483 et
849 2420 982 2484 Saturni
997 2419 1095 2484 liberi
1110 2420 1356 2497 desorbeantur,

62 2541 172 2606 itaut
193 2547 324 2604 tantum
347 2540 450 2619 absit,
477 2548 516 2603 ut
535 2542 598 2603 hac
619 2541 659 2603 de
681 2562 779 2604 causa
800 2542 931 2604 Phanes
952 2541 1135 2604 recentiore
1155 2547 1304 2622 tempore
1325 2536 1359 2602 in

64 2660 239 2725 Graeciam
255 2659 507 2743 transmigrasse
524 2660 690 2743 putandus
707 2659 760 2736 sit,
779 2667 817 2722 ut
832 2667 1006 2743 propterea
1016 2659 1072 2723 rix
1087 2659 1156 2722 iure
1166 2657 1358 2742 peregrinae

62 2780 201 2864 originis
218 2780 422 2844 damnandus
438 2778 599 2842 videatur.

134 2986 143 3016 ¹
163 2989 272 3037 Zeller
290 2989 322 3052 (l.
342 3007 365 3039 c.
385 2990 409 3048 I,
430 2993 470 3049 73,
490 2990 550 3039 coll.
567 3006 597 3053 p.
612 2987 655 3050 45)
675 2987 737 3035 mihi
756 2987 783 3034 in
801 2987 926 3046 versibus,
946 2989 990 3049 qui
1010 2995 1151 3050 sequuntur
1168 2987 1227 3034 illos
1246 3001 1262 3034 a
1280 2986 1357 3034 Pseu·

61 3075 231 3124 doaristotele
253 3083 395 3123 asservatos
415 3073 490 3139 (Api.
507 3092 536 3138 p.
558 3078 615 3133 524,
625 3075 669 3139 fr.
695 3074 773 3130 ΓΙΙΙ,
792 3090 815 3121 c.
836 3071 947 3135 6-32),
972 3072 1049 3120 nimis
1072 3072 1169 3120 omatis
1188 3080 1213 3120 ct
1231 3071 1355 3133 quaesitis

60 3159 205 3209 offendisse
223 3160 331 3208 ridetur.
368 3158 421 3219 Qui
445 3174 504 3208 cum
521 3175 537 3208 a
555 3158 697 3221 Porphyrio
720 3158 823 3205 demum
842 3164 867 3206 et
886 3154 999 3205 Stobaeo
1018 3165 1260 3216 commemorentur,
1279 3156 1356 3205 facile

60 3245 211 3308 interpolati
234 3245 346 3294 habendi
370 3253 437 3294 sunt.
473 3245 505 3295 In
523 3245 562 3307 iis,
588 3244 631 3307 qni
654 3245 679 3291 in
703 3242 770 3292 libro
792 3243 825 3292 de
842 3243 941 3292 Mundo
959 3244 1086 3305 leguntur,
1105 3243 1172 3291 nihil
1191 3243 1268 3304 inest,
1288 3243 1356 3305 quod

61 3331 161 3380 abillo
180 3330 324 3392 fragmento
342 3330 488 3392 Aeschyleo
508 3331 643 3394 discrepet.

133 3413 319 3477 ²Gerhard‚
339 3417 358 3466 l.
378 3435 400 3465 e.
421 3417 455 3466 N.
476 3421 507 3464 45
527 3422 553 3464 et
571 3421 612 3465 80.
649 3414 771 3464 Ceterum
796 3414 909 3465 Graecos
934 3414 996 3462 satis
1020 3413 1100 3463 fuisse
1123 3414 1192 3462 leves
1218 3421 1243 3462 et
1267 3414 1355 3461 incon·

60 3509 161 3551 stantes
183 3501 211 3549 in
234 3501 305 3550 cultu
329 3515 459 3550 sacrorum
484 3516 567 3564 neque
591 3501 754 3550 abhorruisse
773 3515 786 3548 a
805 3499 935 3548 mutandis
958 3500 1125 3562 religionibus
1144 3499 1247 3562 egregie
1264 3505 1356 3547 contra

61 3587 96 3636 0.
116 3586 312 3635 Muellerum
331 3586 362 3650 (l,
382 3603 404 3636 c.
421 3603 451 3650 p.
471 3586 541 3650 392),
566 3594 593 3636 ut
611 3587 712 3649 opinor,
737 3585 895 3634 demonstrat
911 3584 1105 3634 Lobeckius
1123 3586 1186 3650 Api.
1201 3601 1231 3649 p.
1253 3587 1301 3630 625
1315 3599 1354 3647 sq.

59 3673 156 3735 Itaque
174 3685 206 3720 ea
223 3671 255 3720 de
273 3686 352 3720 causa
370 3686 422 3720 non
439 3673 593 3735 negaverim,
606 3672 732 3735 Zagreum
745 3686 801 3720 esse
813 3670 1001 3734 Aegyptiorum
1014 3669 1100 3720 Osirin
1119 3670 1163 3734 (ci.
1178 3671 1240 3734 Api.
1250 3686 1280 3733 p.
1295 3671 1354 3728 671,

60 3759 138 3821 693).
169 3757 290 3807 Fortasse
308 3765 394 3806 autem
412 3758 440 3806 in
459 3756 537 3807 Creta
555 3759 637 3807 cultus
657 3755 767 3807 Osiridis
785 3770 844 3805 cum
862 3757 942 3820 orgiis
959 3756 1056 3805 Bacchi
1073 3755 1185 3818 primum
1203 3754 1355 3816 conjunctus

59 3852 103 3893 est
121 3853 148 3892 et
165 3843 226 3890 inde
243 3843 271 3891 in
288 3843 406 3892 notitiam
424 3844 493 3891 venit
512 3842 688 3892 Onomacrito.
720 3841 796 3902 Quod
815 3843 836 3892 si
854 3844 940 3891 minus
957 3843 1042 3904 placet
1055 3842 1128 3905 (Api.
1139 3858 1169 3904 p.
1184 3842 1233 3887 572
1247 3848 1272 3888 et
1285 3840 1354 3904 624),

60 3929 248 3978 Phoenices
273 3929 351 3976 etiam
373 3928 401 3976 in
424 3928 507 3991 ipsam
526 3926 662 4000 Graeciam
685 3928 758 3977 illum
781 3929 878 3978 cultum
896 3942 929 3977 ex
947 3928 1074 3990 Aegppto,
1097 3926 1140 3974 ubi
1163 3927 1190 3975 in
1207 3925 1286 3977 Delta
1303 3925 1354 3975 ium

59 4014 252 4078 antiquissimis
271 4012 430 4077 temporibus
448 4014 521 4062 sedes
538 4013 659 4074 habuere,
678 4014 815 4064 transferre
833 4018 971 4078 potuerunt
984 4011 1029 4072 (cf.
1044 4010 1076 4060 G.
1096 4011 1355 4078 liberaremus

58 4104 114 4153 aad
133 4103 176 4150 die
193 4103 297 4151 Becher
314 4099 409 4149 Moss's
428 4098 545 4164 [Leipas'p
566 4097 652 4164 1868],
672 4100 696 4157 1,
717 4100 787 4162 138).

133 4183 205 4236 ⁸cf.
226 4184 386 4244 Gerhard,
406 4185 425 4234 ι.
446 4203 468 4235 0.
489 4186 524 4236 N.
546 4190 593 4233 ras
614 4192 639 4234 et
657 4190 716 4233 aaa.

132 4269 143 4301 ⁴
161 4272 283 4321 Fortasse
307 4271 384 4320 etiam
407 4268 558 4332 Ophioncus
576 4270 732 4333 Pherckpdis
756 4282 789 4317 ex
806 4268 925 4330 Aegypto
949 4268 989 4316 vel
1007 4267 1147 4318 Phoenicia
1164 4266 1286 4330 repetitus
1304 4272 1351 4323 cst,

59 4372 222 4422 quamquam
239 4357 266 4404 id
284 4364 361 4420 negat
377 4355 527 4405 Zellerus
547 4355 578 4419 (l.
600 4373 621 4404 c.
642 4357 666 4414 I,
686 4355 739 4416 66).
