2986 4800
690 198 730 258 29

59 397 187 462 sentire
205 396 352 474 videtur,
375 396 451 461 illos
471 419 586 462 versus
605 399 811 465 theoorasiae
831 401 948 483 plenos
969 401 1075 483 magis
1098 402 1131 465 in
1147 402 1354 467 Palinodiam

57 541 78 582 a
102 515 243 580 Judaeis
269 515 366 581 valde
389 515 624 601 interpolatam
649 525 684 582 et
713 540 788 582 cum
813 519 1005 603 Theogonis
1034 519 1173 603 aliisque
1198 522 1353 605 Orphicis

56 635 195 720 scriptis
211 636 247 700 in
262 658 364 699 unum
380 657 497 719 corpus
516 636 704 700 redactam¹
722 638 882 719 quadrare
898 638 993 722 eique
1012 639 1230 722 assignandos
1248 641 1352 705 esse!

56 756 181 838 Itaque
198 753 340 819 Diodori
354 755 463 818 locum
480 776 613 838 prorsus
628 755 831 820 mittendum
847 757 998 821 arbitror.

146 875 268 957 Neque
283 873 381 937 aliam
397 874 597 938 sententiam
612 875 745 938 tulerim
763 875 804 939 de
814 876 958 940 Theonis
969 876 1141 961 Smyrnaei
1156 877 1241 955 loco,
1253 897 1351 959 quem

54 995 195 1077 Zoega
211 994 247 1076 (l.
266 1015 295 1057 c.
313 1017 347 1078 p.
361 997 435 1075 220)
452 994 633 1060 secundum
649 1001 726 1079 post
741 994 924 1058 Diodorum
941 995 981 1059 de
998 997 1147 1059 Phanete
1163 996 1350 1079 Eracapaeo

54 1111 292 1177 testimonium
309 1112 467 1195 praebere
483 1119 593 1197 putat.
625 1113 716 1176 Theo
733 1113 837 1191 enim,
860 1114 991 1197 Trajani
1007 1122 1042 1178 et
1057 1113 1217 1178 Hadriani
1231 1136 1351 1197 aequa-

56 1231 121 1294 lis³
137 1232 173 1295 ln
188 1231 274 1295 libro
290 1241 352 1318 περὶ
364 1248 419 1300 τῶν
432 1236 505 1301 κατὰ
520 1237 717 1319 μαθηματικὴν
731 1242 874 1322 χρησίμων
889 1242 925 1309 εἰς
938 1238 990 1320 τὴν
1000 1246 1048 1302 τοῦ
1058 1242 1201 1308 Πλάτωνος
1210 1243 1352 1319 ἀνάγνωσιν

55 1350 108 1414 ali
124 1355 170 1435 (Ρ.
185 1354 248 1415 164
265 1350 317 1415 ed·
334 1350 455 1433 Bull·)²
474 1356 565 1421 Ἔνιαί
577 1383 654 1437 φασιν
669 1359 741 1419 ὀκτὼ
756 1360 818 1426 τοὺς
832 1360 938 1420 πάντων
952 1364 1115 1439 κρατοῦντας
1130 1358 1194 1421 εἶναι
1208 1359 1299 1433 θεοὺς,
1313 1364 1350 1427 <t

57 1478 107 1537 καὶ
122 1479 150 1537 ἐν
163 1481 216 1544 ταῖς
226 1475 361 1556 Ὀρφικοῖς
376 1478 444 1538 ἐστιν
460 1479 546 1556 εὑρεῖν

328 1584 382 1642 Ναὶ
401 1589 452 1658 μὴν
471 1588 608 1642 ἀθανάτων
627 1589 779 1662 γεννήτορας
797 1590 852 1641 αἰὲν
870 1589 967 1650 ἐόντας,

328 1696 377 1763 πῦρ
396 1692 440 1743 ναὶ
460 1689 537 1763 ὕδωρ,
557 1692 634 1762 γαῖάν
652 1710 680 1744 τε
698 1692 743 1743 καὶ
761 1690 868 1764 οὐρανὸν
885 1691 934 1761 ἠδὲ
952 1691 1062 1762 σελήνην

326 1793 415 1863 ἠέλιόν
432 1813 461 1845 τε
480 1790 590 1864 Φάνητα
607 1793 689 1862 μέγαν
706 1794 751 1845 καὶ
769 1794 850 1846 νύκτα
868 1793 999 1862 μέλαιναν.

54 1893 123 1956 Illa
134 1898 266 1980 Ὀρφικὰ,
281 1915 322 1957 ex
338 1895 456 1977 quibus
466 1894 557 1958 Theo
575 1916 631 1957 eos
647 1915 760 1957 versus
777 1894 929 1977 sumpsit,
940 1900 1036 1981 Ὅρκον
1051 1901 1140 1958 sunt.
1164 1895 1349 1958 Phanetem

54 2019 171 2076 autem
193 2010 242 2075 ibi
263 2021 555 2077 commemoratum
577 2014 711 2095 Zoega
731 2036 798 2076 non
818 2013 930 2076 Solem
952 2034 1023 2075 esse
1045 2020 1143 2096 putat
1162 2013 1221 2076 sed
1241 2013 1348 2076 Theo-

55 2131 177 2215 goniae
199 2132 414 2217 rhapsodicae
435 2130 534 2196 deum
555 2131 784 2215 cognominem
806 2139 994 2216 propterea,
1018 2131 1105 2213 quod
1127 2130 1217 2193 illurn
1237 2140 1349 2218 Φάνητα

55 2261 141 2338 μέγαν
157 2251 199 2314 ab
216 2260 286 2338 ἡλίῳ
303 2250 468 2315 diversum
485 2273 556 2314 esse
574 2257 740 2335 oporteat,
764 2251 916 2334 quoniam
933 2250 981 2313 ita
997 2251 1128 2313 demum
1150 2256 1241 2328 octo,
1265 2272 1347 2332 quos

58 2370 153 2434 Theo
171 2371 261 2449 vult,
285 2370 331 2434 dii
347 2370 524 2449 exsistant,
552 2377 586 2433 et
607 2371 694 2453 quod
710 2371 841 2434 Phanes
856 2370 912 2434 hio
930 2392 1059 2454 quoque
1082 2368 1234 2433 similiter
1249 2376 1349 2452 atque

57 2488 90 2552 in
106 2489 311 2573 Rhapsodiis
327 2512 401 2553 cum
417 2491 527 2554 Nocte
550 2498 777 2574 componatur.
811 2490 877 2554 Sed
892 2491 1023 2553 Phaues
1043 2512 1110 2553 non
1131 2490 1238 2552 minus
1259 2496 1347 2572 apte,

56 2608 87 2671 si
102 2608 161 2672 Sol
179 2616 248 2687 est,
273 2631 347 2672 cum
362 2609 473 2672 Nocte
494 2609 717 2693 conjungitur.
750 2609 878 2673 Deinde
900 2631 975 2672 oum
996 2608 1209 2672 manifestum
1230 2607 1291 2686 sit,
1314 2607 1349 2671 in

59 2728 125 2789 hoc
140 2727 346 2792 iureiurando
363 2736 514 2792 nontam
530 2727 620 2805 deos,
639 2728 697 2791 sed
713 2735 849 2791 naturae
866 2728 1031 2791 elementa
1049 2728 1206 2805 invocari,
1230 2727 1349 2790 mirum

57 2853 149 2909 esset
180 2847 208 2909 si
238 2848 370 2911 Phanes
401 2847 547 2911 omnium
577 2869 686 2911 rerum
717 2847 868 2910 conditor
898 2847 965 2910 illis
995 2846 1212 2930 interpositus
1247 2854 1346 2909 esset.

56 2967 233 3029 Postremo
251 2965 329 3049 quid
346 2987 496 3030 curemus
513 2968 680 3030 'Phaonem
698 2973 774 3029 octo
791 2967 870 3030 deos
886 2981 1130 3047 numerantem,
1148 2987 1222 3028 cnm
1238 2986 1347 3048 gram·

56 3083 198 3148 matices
212 3085 346 3168 regulae
362 3108 422 3149 nos
439 3085 575 3150 iubeant
591 3086 691 3149 verba
705 3095 818 3172 (lidrqw
832 3095 915 3172 μέγαν
928 3085 997 3150 sine
1011 3085 1080 3148 ulla
1093 3083 1257 3168 particula
1270 3105 1346 3147 oon-

125 3322 136 3352 ¹
157 3323 200 3374 cf.
219 3327 283 3390 Agl.
299 3343 329 3390 p.
349 3328 409 3385 417,
429 3331 488 3386 454,
509 3330 568 3386 483,
588 3330 647 3386 508,
668 3330 724 3375 714.

125 3406 322 3473 ’Quamquam
343 3411 411 3459 idem
433 3410 619 3461 Lobeckins
643 3412 723 3460 alium
748 3409 845 3474 Orphei
866 3412 960 3472 locum,
986 3426 1063 3474 quem
1081 3390 1229 3460 Macrobius
1249 3411 1284 3473 (I,
1308 3414 1345 3468 18,

52 3513 81 3560 p.
104 3495 168 3559 177)
187 3495 317 3559 prioribus
341 3495 394 3545 fere
419 3494 559 3559 subjungit,
583 3510 667 3558 neque
686 3496 718 3544 de
735 3495 889 3558 Theogonia
912 3511 995 3560 neque
1014 3497 1045 3546 de
1064 3497 1201 3546 Palinodia
1217 3494 1346 3557 intelligit,

55 3581 101 3629 sed
120 3581 154 3628 de
173 3580 249 3629 tertio
268 3581 380 3644 quodam
397 3581 463 3630 libro
482 3582 557 3645 (Api.
574 3599 604 3647 p.
623 3580 693 3643 727).
731 3579 807 3639 Quod
826 3595 884 3629 cum
902 3582 1045 3645 simplicius
1063 3583 1187 3641 videatur,
1206 3580 1228 3628 si
1246 3580 1347 3628 Macro·

55 3664 129 3714 bium
147 3665 215 3714 loeis
238 3665 288 3714 sibi
310 3672 363 3714 tam
384 3666 535 3729 propinquis
559 3681 592 3716 ex
610 3681 661 3716 nno
679 3673 779 3714 tautum
795 3666 866 3715 fonte
884 3667 1012 3717 delibasse
1030 3667 1172 3726 existimes,
1195 3664 1271 3727 copia
1288 3664 1347 3711 data

54 3759 96 3800 eat
112 3749 239 3799 Phanetis
263 3765 297 3799 ex
315 3749 469 3814 rl'heogonia
492 3752 519 3799 in
542 3751 606 3801 illud
630 3752 695 3801 adeo
714 3744 913 3809 Καταζασταιὸν
936 3751 976 3800 vel
997 3746 1168 3816 Ἰεροαταλιαά
1191 3748 1344 3812 expellendi.

54 3835 182 3885 Attamen
200 3835 318 3898 praefero
336 3837 508 3885 Palinodiam.

125 3917 200 3969 ³cf.
225 3920 417 3982 Fabricius,
444 3923 516 3972 Bibl.
540 3924 588 3971 aa.
608 3922 659 3980 IV,
677 3927 720 3970 35.
747 3923 775 3972 J.
794 3922 985 3971 Bullialdus
1003 3921 1117 3970 Theonis
1144 3927 1254 3970 aetatem
1280 3921 1347 3969 iuter

53 4021 156 4056 annum
172 4020 248 4055 aerae
261 4003 424 4057 Christianae
436 4007 496 4055 XX.
511 4016 537 4056 et
549 4004 629 4056 cxi.
643 4008 725 4071 ponit,
745 4007 860 4058 Saxius
878 4007 983 4055 ineunte
996 4019 1063 4055 saec.
1076 4005 1112 4056 11.
1125 4020 1149 4055 a.
1164 4005 1225 4054 circ.
1240 4004 1345 4066 cxvi,

52 4100 190 4156 postremo
213 4092 241 4141 J.
260 4092 298 4140 de
317 4089 440 4141 Gelder
460 4093 488 4141 in
512 4092 624 4142 editione
646 4107 693 4142 sna
710 4093 895 4143 Arithmetlcae
918 4091 1014 4154 (Lugd.
1034 4091 1093 4141 Bat.
1115 4091 1190 4158 1827)
1212 4092 1346 4142 Thoonem

51 4176 191 4226 Hadriano
217 4177 360 4240 imperante
387 4178 461 4226 annis
484 4175 617 4239 cxm„
642 4176 762 4239 CXXX„
788 4176 908 4226 CXXXI.
933 4183 959 4226 et
981 4174 1130 4227 CXXXIII.
1155 4176 1344 4226 observationes

51 4265 249 4316 astronomieos
267 4265 410 4315 instituisse
429 4273 454 4315 et
472 4265 548 4315 simul
566 4280 624 4314 cum
636 4266 774 4316 Plutarcho
792 4265 908 4314 floruisse
927 4263 1092 4312 demonstrat.
1122 4261 1163 4312 Cf.
1182 4257 1344 4311 Rossbach

49 4352 107 4400 und
126 4349 314 4414 Westphal,
334 4351 435 4400 Metelle
451 4352 499 4401 der
519 4352 652 4411 Grtecheu,
673 4353 710 4413 (2.
730 4350 1043 4416 Aufl.‚Leipti91868),
1063 4351 1087 4408 I,
1107 4351 1147 4397 76.
