2986 4800
692 214 709 273 5

54 416 131 500 quis
153 437 214 478 nos
235 420 330 477 vetat
352 420 503 496 quartam
521 413 646 496 fingere
667 414 831 497 fictaeque
851 414 916 477 duo
938 414 1119 478 versiculos
1141 416 1347 481 adscribere?

54 537 135 599 Non
151 532 378 611 Damascius,¹
403 533 542 616 quinon
564 555 637 596 eam
654 535 695 598 ob
718 556 851 597 causam
866 541 934 596 tres
956 540 1088 597 tantum
1105 535 1230 618 Orphei
1251 539 1348 600 theo·

51 653 174 738 genias
190 673 363 716 numerare
378 652 540 730 videatur,
559 654 647 735 quod
663 676 831 737 nunquam
845 654 957 737 plures
974 653 1074 731 fuere,
1099 654 1157 718 sed
1173 656 1262 737 quod
1276 655 1347 739 ipse

53 797 123 838 non
143 774 255 856 plures
272 760 421 835 noverat.
459 771 591 835 Etenim
608 772 816 856 Rhapsodias
839 772 971 854 quidem
986 774 1125 856 legerat,
1150 774 1190 837 de
1207 774 1349 837 Eudemi

53 899 171 957 autem
202 898 236 955 et
260 890 427 954 Hellanici
457 891 663 975 genealogiis
693 891 795 956 refert
824 898 972 970 tantum,
1006 914 1088 975 quae
1120 893 1160 956 de
1189 892 1229 956 iis
1260 894 1348 976 apud

54 1012 246 1075 Eudemum
262 1010 315 1074 vel
332 1010 413 1073 alios
430 1011 607 1094 scriptores
622 1011 824 1075 invenerat.⁹
856 1011 956 1074 Quod
972 1011 1000 1074 si
1015 1011 1063 1075 ita
1078 1019 1140 1091 est,
1158 1011 1255 1076 facile
1273 1034 1347 1075 eum

53 1131 143 1194 aliae
161 1130 326 1213 Orphioae
348 1130 539 1212 theologiae
560 1131 799 1214 descriptiones
821 1131 1163 1214 100010001001001.8
1200 1132 1253 1194 Ex
1267 1131 1347 1215 ipsis

55 1257 173 1314 autem
199 1250 328 1312 duobus
357 1248 506 1312 versibus
530 1257 663 1312 tantum
687 1252 797 1328 abest,
828 1258 866 1312 ut
891 1249 1015 1332 aliquid
1040 1250 1248 1334 cognationis
1273 1272 1349 1313 cum

56 1369 322 1451 fragmentorum
347 1368 617 1432 Proculianorum
647 1369 798 1433 doctrina
822 1368 979 1452 indagare
1010 1390 1143 1451 queam,
1174 1376 1213 1432 ut
1238 1391 1279 1432 ex
1307 1368 1346 1431 iis

60 1487 236 1570 colligam,
260 1456 393 1550 Platoni
417 1487 503 1551 idem
530 1488 656 1572 Orphei
681 1511 762 1572 0000
788 1488 875 1570 quod
899 1488 1041 1550 Proculo
1066 1487 1256 1551 lectitatum
1281 1511 1348 1551 000

60 1606 177 1668 fuisse.
218 1605 349 1669 Etenim
371 1606 511 1690 primum
535 1607 600 1670 iam
622 1608 656 1670 id
681 1607 902 1691 suspicionem
923 1613 1051 1685 movet,
1078 1607 1166 1689 quod
1187 1607 1348 1670 Proculus

56 1725 273 1808 eiusdemque
298 1733 409 1789 sectae
434 1727 580 1789 asseclae
602 1728 694 1790 nullo
720 1728 794 1790 loco
820 1725 896 1789 illos
920 1749 1034 1789 versus
1058 1726 1208 1789 laudant.
1250 1726 1348 1789 Quod

55 1850 292 1927 argumentum
309 1867 326 1908 0
342 1844 476 1908 01100110
493 1845 636 1928 00111010
652 1845 685 1908 10
701 1848 764 1910 hac
781 1867 880 1909 causa
895 1852 1070 1929 propterea
1085 1869 1152 1908 000
1168 1846 1240 1908 leve
1257 1845 1348 1908 vide·

54 1971 124 2040 tur,
153 1963 240 2045 quod
262 1985 366 2046 paene
387 1963 581 2028 incredibile
604 1972 667 2044 est,
689 1965 869 2028 Proculum
890 1966 1000 2027 locum
1022 1964 1153 2047 utrique
1175 1964 1346 2048 magistro,

55 2084 195 2165 Orpheo
217 2105 255 2146 ac
271 2083 416 2161 Platoni,
438 2107 520 2167 quos
536 2091 606 2146 tam
623 2105 720 2166 saepe
735 2083 768 2147 vi
785 2090 818 2146 et
834 2083 1033 2147 necessitate
1051 2083 1157 2147 eidem
1168 2084 1253 2166 jugo
1271 2085 1349 2148 sub·

51 2201 186 2285 jungit,
211 2223 419 2265 communem
439 2202 747 2286 praetermissurum
768 2202 884 2280 fuisse,
909 2202 988 2284 quin
1008 2203 1144 2285 longam
1166 2201 1348 2265 orationem

55 2321 86 2383 ei
103 2321 270 2385 effuderit.
309 2321 405 2384 Unde
423 2322 586 2404 existimo,
604 2323 783 2386 Proculum
804 2321 838 2384 iu
854 2322 989 2404 Orpheo
1005 2344 1064 2384 000
1082 2341 1137 2384 000
1153 2342 1267 2384 versus
1282 2344 1349 2384 non

55 2439 193 2523 legisse.
225 2439 353 2504 Deinde
370 2448 480 2504 autem
496 2442 598 2504 verba

403 2557 526 2618 Ὠκεανὸς
543 2569 644 2633 πρῶτος
661 2560 814 2633 001111000ος
832 2560 893 2632 ἦρξε
911 2561 1002 2630 γάμοιο

56 2683 124 2724 000
140 2660 338 2744 significare,
354 2664 525 2726 Oceanum
540 2661 681 2747 primum
697 2662 785 2725 inter
800 2662 962 2726 fratres⁴
979 2661 1225 2724 matrimonium
1241 2661 1346 2739 iniise,
1432 2676 1439 2683 '

57 2802 136 2842 mox
152 2780 378 2844 demonstrare
396 2782 550 2845 conabor.
588 2781 630 2843 In
647 2804 710 2864 quo
728 2781 754 2844 si
777 2781 859 2844 felix
873 2781 977 2858 fuero,
1002 2780 1041 2842 iis
1058 2781 1169 2843 nullus
1191 2781 1225 2844 in
1240 2781 1347 2845 Theo·

54 2899 157 2982 gonia
172 2899 370 2983 rhapsodica
385 2902 479 2964 locus
494 2900 701 2984 relinquitur,
720 2922 795 2963 cum
810 2899 845 2963 in
861 2922 898 2964 ea
914 2899 1013 2962 multi
1028 2899 1074 2963 dii
1089 2907 1165 2963 ante
1177 2902 1348 2964 Oceanum

54 3018 267 3082 matrimonia
282 3019 406 3083 ineant.

143 3137 233 3201 Ouid
248 3137 371 3221 igitur?
382 3138 564 3202 Nullumne
575 3139 661 3203 inter
675 3142 760 3203 hanc
771 3146 805 3202 et
815 3145 960 3202 veterem
971 3137 1121 3202 Platonis
1131 3137 1347 3221 theogoniam

53 3256 267 3340 cognationis
289 3257 459 3321 vinculum
480 3259 675 3340 intercedit?
704 3258 746 3321 Id
769 3257 941 3341 quominus
964 3258 1072 3322 dicam
1093 3259 1178 3321 alter
1196 3257 1347 3321 Platonis

53 3377 150 3439 locus
176 3399 228 3439 me
253 3377 399 3441 deterret
427 3378 501 3440 Tim.
525 3400 559 3458 0.
585 3382 625 3442 41
652 3379 707 3456 B,
735 3400 832 3461 quem
856 3379 980 3441 nollem
1005 3377 1247 3442 Lobeckius⁶
1277 3384 1348 3440 tam

11 3523 22 3550 ο
56 3495 168 3559 obiter
189 3496 448 3580 perstrinxisset.
489 3498 616 3560 Summi
632 3498 718 3560 enim
740 3497 900 3560 momenti
916 3503 978 3560 est.
1016 3497 1084 3561 Ubi
1105 3519 1179 3560 cum
1195 3497 1347 3559 Timaeus

53 3615 227 3678 denatura
243 3615 422 3680 visibilium
434 3623 468 3679 et
483 3615 672 3700 genitorum
688 3617 823 3680 deorum
839 3617 971 3679 loeutus
983 3615 1158 3694 addiderit,
1177 3615 1217 3678 de
1228 3614 1347 3677 ceteris

53 3733 273 3797 daemonibus
290 3756 327 3798 ea
344 3735 507 3799 credenda
523 3757 605 3815 esse,
625 3758 706 3819 quae
722 3737 764 3799 ab
780 3734 859 3820 ipsis
876 3735 1012 3800 deorum
1027 3735 1104 3798 filiis
1127 3738 1210 3818 (θεῶν
1224 3743 1348 3819 ἐκγόνοις,

124 3937 134 3968 ¹
153 3941 186 3990 L.
208 3959 231 3991 0.
247 3960 277 4008 p.
297 3947 444 3991 aso-aea
1263 3969 1267 3973 ·

123 4022 134 4054 ²
154 4025 196 4074 cf.
210 4027 337 4088 Zeller,
355 4031 407 4078 Die
419 4029 582 4093 Philoroplie
599 4030 647 4078 der
662 4030 786 4078 60100100
806 4027 843 4091 (2.
856 4029 938 4092 Aust,
959 4026 1087 4090 Titbistpea
1102 4024 1178 4090 1856)
1191 4027 1215 4084 Ι,
1229 4028 1261 4074 70
1274 4027 1308 4076 N.
1320 4030 1345 4073 3.

124 4108 135 4138 ³
153 4112 194 4161 Ac
212 4112 328 4174 profecto
347 4114 475 4176 fugerunt.
501 4113 567 4160 Nam
580 4113 611 4161 de
624 4112 759 4176 Apollonii
772 4113 867 4162 Rhodii
887 4112 998 4175 (Arpos.
1013 4109 1198 4174 Lesb-511)
1211 4110 1346 4169 relatione,

41 4211 122 4260 *quae
142 4211 159 4246 a
176 4198 258 4246 tribus
277 4213 342 4260 quas
360 4199 431 4247 novit
448 4198 607 4261 Theogoniis
625 4213 730 4262 prorsus
750 4199 889 4261 discrepat,
909 4212 961 4246 000
979 4197 1085 4246 verbum
1102 4197 1196 4246 muttit.

124 4280 136 4311 ⁴
156 4281 200 4332 Sic
218 4283 415 4333 Lobeckius
432 4284 614 4347 interpretetur
631 4286 695 4350 Ape.
712 4303 741 4349 0.
762 4288 820 4332 508.

114 4351 134 4395 ’1
153 4369 216 4433 Αρῑ.
233 4387 264 4434 p.
285 4373 343 4417 510.
