2986 4800
658 191 830 286 j—

187 393 316 457 Ouodsi
331 393 372 456 de
388 391 537 455 nomine
554 390 697 454 auctoris
709 391 874 474 Orphioae
889 389 1102 473 Theogoniae
1119 389 1299 472 quaeritur,
1316 413 1385 473 pro·

101 512 191 576 fecto
220 512 303 576 nihil
329 512 410 576 certi
440 511 506 575 dici
529 518 656 595 potest,
687 511 752 574 nisi
776 511 848 594 quis
872 533 933 574 nos
962 510 1004 573 ad
1029 508 1165 606 Homeri
1194 515 1229 573 et
1253 508 1387 573 Hesiodi

101 633 290 715 exemplum
311 654 468 695 revocans
491 632 691 695 contendere
713 631 845 709 audeat,
871 630 978 713 ipsum
1002 605 1173 713 Orpheum
1195 651 1269 693 eam
1290 628 1386 713 scrip·

101 751 195 814 sisse.
241 754 291 814 At
310 752 411 834 longe
430 751 528 815 aliter
542 772 594 813 res
610 773 645 814 se
661 752 765 815 hahet
786 750 905 814 dehoc
928 756 1027 832 atque
1049 750 1090 813 de
1112 749 1191 812 illis.
1238 748 1388 812 Forsitan

101 869 190 933 enim
214 869 333 954 aliquis
357 870 413 949 iis,
440 891 523 953 quae
548 870 588 934 de
613 871 720 954 patria
741 868 878 933 Homeri
901 869 1093 946 traduntur,
1119 875 1291 952 permotus
1317 889 1387 932 cou-

103 991 211 1068 cedat,
237 991 418 1053 Homerum
443 992 601 1073 Smyrnae
625 990 679 1053 vel
705 989 780 1052 Chii
804 989 945 1053 Iliadem
970 981 1209 1072 composuisse,
1238 993 1273 1050 et
1297 1009 1385 1071 porro

103 1107 298 1188 Hesiodum,
323 1109 378 1192 qui
400 1133 419 1172 a
434 1109 541 1172 Musis
557 1109 830 1173 Heliconiadibus
853 1108 1039 1172 concitatus
1054 1105 1286 1191 Theogoniam
1301 1129 1386 1171 suam

105 1227 304 1306 condiderit,
337 1230 478 1294 eundem
499 1251 571 1293 esse
593 1228 781 1312 suspicetur
797 1235 901 1311 atque
923 1228 1018 1291 illum
1042 1235 1176 1311 poetam
1198 1227 1384 1304 Ascraeum,

104 1354 273 1411 auctorem
295 1349 459 1427 carminis,
484 1349 572 1432 quod
588 1353 677 1435 Ἔργα
697 1357 742 1416 καὶ
758 1355 877 1435 Ἡμέραι
896 1347 1103 1423 inscribitur;
1128 1347 1187 1410 sed
1210 1347 1384 1430 Orpheum,

104 1467 288 1552 Thamyris,
307 1468 363 1551 qui
377 1468 443 1531 iam
459 1470 500 1532 ab
516 1469 661 1531 Homero
679 1469 876 1546 celebretur,
894 1467 1066 1550 aequalem
1082 1472 1116 1531 et
1137 1465 1242 1551 ipsius
1258 1464 1387 1529 Homeri

104 1589 366 1651 autecessorem¹
398 1609 485 1666 eam,
519 1581 610 1670 cujus
636 1609 723 1650 nunc
754 1587 943 1669 fragmenta
973 1576 1140 1665 tenemus,
1167 1586 1387 1669 Theogoniam

105 1705 285 1790 scripsisse,
309 1707 502 1771 incredibile
521 1707 603 1770 mihi
624 1706 766 1770 videtur.
805 1707 890 1769 Cum
911 1713 1021 1770 autem
1043 1712 1121 1789 post
1135 1705 1385 1781 Lobeckium,

105 1825 162 1907 qui
184 1825 218 1888 in
239 1824 327 1889 libro
347 1827 492 1888 secundo
514 1825 757 1910 Aglaophami²
780 1826 924 1889 Graecos
947 1834 1024 1888 ante
1045 1826 1228 1889 Homerum
1248 1825 1333 1889 nihil
1352 1824 1386 1887 de

106 1945 240 2027 Orpheo
269 1945 439 2028 cognitum
467 1946 621 2009 habuisse
648 1945 781 2029 egregie
808 1945 1017 2023 defenderat,
1044 1945 1100 2008 alii
1122 1936 1315 2009 exstiterint
1334 1933 1388 2007 uiri

105 2063 300 2151 doctissimi,
319 2064 375 2148 qui
384 2065 490 2128 multa
506 2073 540 2128 et
555 2065 637 2128 mira
651 2065 692 2127 de
708 2064 944 2129 vetustissimis
954 2065 1102 2129 Thraciis
1119 2066 1253 2129 vatibus
1268 2085 1388 2128 eorum·

105 2205 169 2266 que
191 2184 314 2247 scholis
337 2207 467 2248 narrare
488 2207 555 2248 nou
577 2184 800 2263 dubitarent,⁸
823 2206 959 2248 necesse
976 2192 1038 2262 est,
1061 2184 1117 2248 hic
1139 2206 1271 2274 quoque
1294 2206 1387 2268 quau·

103 2308 176 2364 tum
192 2325 251 2386 per
272 2305 371 2386 hujus
394 2303 704 2367 dissertatiunculae
727 2305 870 2389 spatium
887 2305 967 2368 licet
989 2303 1098 2387 aliqua
1120 2293 1252 2382 addam,
1277 2304 1388 2387 quibus

106 2427 272 2504 appareat,
291 2422 455 2504 quomodo
466 2423 592 2507 Orphei
607 2444 727 2487 nomen
740 2423 883 2509 primum
897 2431 1031 2487 nostrae
1041 2422 1254 2506 Theogoniae
1271 2430 1306 2486 et
1320 2445 1388 2506 pos·

104 2547 161 2602 tea
182 2539 296 2602 multis
313 2540 385 2603 aliis
407 2541 499 2606 libris
516 2543 622 2626 plenis
644 2543 883 2626 philosophicis
901 2550 935 2605 et
951 2542 1102 2626 mysticis
1118 2549 1153 2607 et
1173 2544 1216 2606 ad
1232 2542 1390 2607 Bacchica

105 2678 199 2720 sacra
219 2660 447 2742 spectantibus
470 2662 629 2727 doctrinis
651 2662 848 2745 inscriptum
869 2662 913 2725 sit
935 2683 1083 2746 quaeque
1105 2662 1289 2727 similitudo
1311 2662 1389 2726 inter

104 2777 287 2861 Orpheum,
319 2780 511 2860 Homerum,
543 2782 726 2847 Hesiodum
757 2781 839 2845 mihi
869 2781 1072 2846 intercedere
1103 2781 1266 2846 videatur.
1313 2782 1388 2845 Cum

104 2896 208 2981 igitur
224 2919 264 2961 ex
279 2907 402 2962 memet
417 2901 488 2984 ipso
506 2923 637 2983 quaero,
656 2924 713 2965 cur
728 2902 910 2964 Homerum
926 2901 1077 2978 Iliadem,
1096 2901 1280 2965 Hesiodum
1289 2903 1387 2964 Theo·

104 3017 239 3099 goniam
261 3019 431 3103 scripsisse
453 3022 541 3084 haud
563 3020 667 3085 invite
689 3021 881 3099 concedam,
899 3020 1070 3104 Orpheum
1090 3043 1168 3107 vero
1191 3023 1251 3085 has
1268 3022 1386 3084 Genea·

105 3136 211 3218 logias
234 3139 410 3202 adornasse
433 3139 540 3231 dicere
561 3140 676 3220 nolim,
700 3143 786 3204 hanc
801 3140 883 3203 mihi
904 3140 1018 3203 videor
1039 3163 1171 3204 oausam
1192 3141 1383 3224 intelligere.

11 3276 14 3281 ’
75 3297 77 3300 -
106 3258 196 3317 Ante
212 3256 393 3319 Homerum
416 3266 450 3321 et
465 3253 648 3323 Hesiodum
669 3260 726 3323 alii
748 3260 845 3323 suere·
862 3268 991 3348 poetae,
1015 3259 1120 3343 quiin
1136 3261 1276 3325 Graecia
1296 3259 1383 3344 pede·

105 3374 239 3436 temtim
255 3382 358 3437 artem
375 3378 547 3441 metricam
562 3379 783 3457 excolerent,⁴
800 3378 932 3443 fabulas
941 3380 982 3444 de
999 3379 1061 3442 diis
1078 3386 1113 3444 et
1128 3351 1285 3445 heroibus
1296 3385 1383 3444 cantu

32 3537 34 3540 ψ
105 3487 328 3571 celebrarent,
356 3496 497 3578 optimas
515 3504 549 3559 et
564 3498 705 3561 maxime
721 3501 747 3560 'a
769 3500 892 3582 populo
909 3473 1061 3562 laudatas
1084 3507 1316 3584 congererent,
1338 3519 1381 3560 ex·
1415 3490 1417 3497 ’

105 3612 265 3696 polirent,
278 3613 378 3677 inter
395 3636 430 3678 se
447 3624 698 3696 connecterent,
725 3619 860 3702 deorum
882 3641 949 3683 non
969 3619 1090 3706 minus⁸
1103 3643 1202 3702 quam
1225 3619 1380 3683 hominum

175 3835 360 3901 ¹Gerhard,
380 3841 442 3889 alter
463 3841 542 3905 Orph.
563 3841 597 3890 N.
618 3845 663 3889 65:
683 3843 773 3900 „Otos
794 3844 909 3908 Orpheae
925 3845 984 3894 heia
1002 3845 1116 3895 Homer“
1133 3851 1160 3893 et
1179 3844 1296 3892 similiter
1312 3840 1379 3894 Beda

105 3921 124 3970 l.
145 3939 214 3986 cp.
236 3930 317 3990 69sq.
723 3917 724 3922 ¹
1294 3947 1297 3951 '
1336 3963 1339 3969 ·
1429 3992 1431 3997 ¹

123 4028 126 4031 ·
174 4003 265 4072 'Apa
285 4011 303 4059 l.
323 4013 363 4070 ΙΙ,
383 4029 440 4078 cap.
460 4017 521 4077 cp.
541 4016 642 4076 2253q.
1429 4038 1431 4115 y

174 4088 255 4152 ³Of.,
275 4108 341 4155 quae
360 4096 565 4158 Ge'rherdus,
586 4099 604 4147 l.
624 4115 646 4149 o.
664 4115 693 4162 p.
715 4103 746 4146 13
759 4115 796 4163 sq.
823 4099 945 4163 disputat,
971 4101 1013 4148 eui
1038 4101 1243 4163 capiti-titulum
1261 4093 1378 4162 praefixit:
1429 4122 1431 4137 ι

104 4178 157 4227 Die
177 4178 331 4228 Wakisohe
350 4181 544 4246 sauymeaule.
1191 4205 1193 4208 “

174 4259 189 4301 ⁴>
204 4261 334 4322 Quantum
352 4266 428 4315 distet
444 4269 593 4318 hexameter
614 4283 702 4318 versus
722 4283 738 4316 a
755 4277 868 4318 veterum
886 4270 1132 4334 Indogermauorum
1156 4270 1262 4319 rudibus
1280 4262 1380 4318 hemisti-

104 4347 181 4408 chiis,
200 4349 332 4412 praeclare
351 4351 439 4399 docuit
456 4351 627 4403 Rossbach
645 4361 670 4404 et
687 4353 875 4417 Westphal,
896 4356 914 4405 l.
935 4373 958 4405 e.
977 4357 1018 4414 II,
1038 4361 1067 4404 ll
1081 4372 1119 4419 sq.
