2986 4800
658 193 827 287 Α

96 398 325 481 ¹Aeschylum,
350 396 405 478 qui
425 396 466 459 ab
482 397 657 458 Athenaeo
678 394 829 457 tradatur
844 392 1032 470 dictitasse,
1053 390 1243 474 tragoedias
1260 413 1335 453 suas
1349 415 1388 451 τε·

102 527 179 608 μάχη
196 524 260 585 εἶναι
273 522 461 602 τῶνὋμήρου
477 519 606 602 μεγάλων
621 523 747 593 δείπνων,
768 511 910 596 aliquam
927 519 1100 601 βωμολοχίαν
1118 509 1305 574 exercuisse
1321 532 1387 573 ver·

102 635 152 698 bis
174 643 241 710 Ζεύς
260 645 328 703 ἐστιν
347 643 443 721 αἰθήρ,
465 642 533 708 Ζεὺς
553 644 583 702 δὲ
597 648 647 720 γῆ,
667 641 736 708 Ζεὺς
751 639 773 701 6⁰
789 641 912 719 οὐρανός,
932 639 1000 706 Ζεύς
1013 661 1054 699 τοι
1069 639 1103 698 τὰ
1117 639 1203 699 πάντα
1217 637 1288 720 χῶτι
1301 636 1387 698 sind

102 763 244 840 ὑπέρτερον
259 753 300 816 ab
317 754 451 837 Orpheo
469 752 704 836 depromptis¹

183 850 234 935 ¹Iis
251 880 363 936 autem
379 893 462 954 quae
478 872 575 934 modo
593 871 661 934 dixi
678 871 776 934 etiam
794 892 832 934 ea
846 869 1060 947 refelluntur,
1083 889 1165 952 quae
1182 875 1300 931 contra
1315 891 1388 950 pan-

100 991 281 1056 theismum
307 991 342 1054 in
365 991 480 1054 fabula
503 990 543 1054 de
564 991 713 1053 Phanete
735 989 841 1073 magis
862 990 1046 1066 excultum,
1073 1011 1170 1071 quam
1191 987 1249 1071 qui
1268 987 1388 1070 Orphei

102 1110 206 1174 aetati
221 1110 430 1195 respondeat,
448 1132 467 1172 a
482 1110 636 1192 quopiam
651 1109 789 1192 proferri
805 1108 944 1193 possint.
978 1108 1063 1170 Cum
1080 1107 1164 1171 enim
1182 1108 1258 1171 inde
1275 1130 1294 1170 a
1310 1108 1388 1170 Tha·

102 1231 170 1292 lete
193 1237 227 1292 et
244 1231 448 1312 Xenophane
470 1229 576 1312 magis
596 1228 767 1311 magisque
787 1228 821 1291 in
842 1229 951 1291 locum
973 1228 1108 1291 deorum
1129 1227 1170 1290 ab
1191 1227 1338 1290 Homero
1359 1234 1388 1290 et

102 1349 247 1412 Hesiodo
265 1348 568 1412 commendatorum
591 1348 851 1430 subrogarentur
871 1370 890 1410 a
909 1346 1115 1431 philosophis
1136 1369 1196 1410 sua
1212 1346 1254 1410 de
1270 1347 1387 1410 mundo

103 1478 134 1532 et
160 1467 293 1532 numine
318 1467 429 1531 divino
456 1467 592 1551 placita,
618 1466 657 1545 ii,
685 1467 803 1550 quibus
827 1473 978 1530 veterum
998 1465 1134 1529 deorum
1154 1467 1284 1529 cultum
1310 1465 1388 1529 tueri

103 1587 193 1650 cordi
213 1594 316 1666 esset,
342 1587 375 1649 id
396 1586 521 1670 duplici
539 1587 637 1649 modo
662 1585 794 1650 efficere
816 1593 1007 1670 potuerunt.
1054 1587 1125 1648 Aut
1149 1584 1237 1648 enim
1259 1587 1388 1670 mythos

101 1705 295 1769 Homericos
312 1705 541 1788 physiologice
558 1705 722 1788 explicare
739 1705 921 1768 studebant
936 1726 974 1768 eo
991 1704 1145 1783 consilio,
1166 1703 1288 1768 utiam
1304 1711 1387 1768 vete·

101 1846 153 1887 res
170 1831 286 1906 poetas
302 1824 426 1901 eadem,
445 1823 765 1907 quaephilosoph0S,
784 1824 935 1887 docuisse
945 1823 1133 1887 hominibus
1143 1825 1386 1906 persuaderent.

91 1943 251 2006 'Quorum
267 1943 536 2025 Allegoretarum
557 1965 639 2026 grex
658 1942 849 2025 neutiquam
869 1943 1011 2006 recentis
1032 1951 1084 2007 est
1106 1942 1279 2026 originis.²
1325 1947 1389 2006 Aut

101 2061 172 2144 ipsa
194 2061 466 2146 philosophorum
493 2061 628 2126 inventa
652 2064 705 2125 vel
730 2062 824 2125 novis
849 2062 911 2125 diis
936 2062 1146 2126 adstruendis
1170 2063 1225 2126 vel
1249 2061 1389 2146 antiquis

101 2180 223 2244 fabulis
239 2182 407 2245 mutandis
428 2191 465 2245 et
479 2182 651 2246 flectendis
668 2181 913 2266 mythologice,
934 2189 973 2244 ut
993 2181 1040 2244 ita
1056 2181 1178 2259 dicam,
1202 2183 1340 2245 reddere
1360 2188 1390 2245 ct

103 2300 225 2363 imitari
245 2301 356 2364 cenati
372 2310 460 2364 sunt.
508 2302 601 2364 Quae
624 2308 711 2363 artes
734 2324 808 2364 cum
828 2323 893 2364 nen
909 2323 999 2364 rarae
1016 2301 1083 2365 sint
1099 2323 1172 2365 cum
1194 2301 1229 2364 in
1248 2301 1389 2384 ipsorum

102 2419 377 2503 philosophorum
393 2418 524 2502 scriptis
540 2442 604 2482 non
621 2419 727 2483 minus
739 2443 836 2503 quam
852 2427 1025 2503 poetarum
1040 2428 1146 2483 metro
1162 2420 1297 2485 heroico
1308 2443 1390 2484 eom·

103 2537 232 2622 positis,
249 2545 322 2601 tum
331 2538 366 2601 in
382 2559 493 2602 eorum
509 2538 632 2617 libris,³
653 2561 734 2621 quos
745 2550 921 2626 μεμιγμένους
929 2547 1028 2603 vocat
1039 2539 1253 2618 Aristoteles,
1272 2539 1387 2618 nescio,

105 2679 161 2720 cur
177 2657 325 2751 ejusdem
339 2658 497 2740 temporis
513 2658 665 2741 theologi
681 2665 715 2721 et
729 2661 867 2741 poetae⁴
885 2659 925 2721 ab
942 2659 1076 2722 illorum
1092 2659 1334 2724 consuetudine
1348 2659 1390 2721 ita

103 2776 280 2840 revocandi
296 2777 380 2861 sint,¹
391 2784 429 2840 ut
444 2778 536 2840 nullo
548 2777 645 2841 modo
657 2777 778 2842 fabulis
796 2779 862 2842 suis
879 2778 1004 2862 aliquid
1015 2779 1185 2843 doctrinae
1196 2777 1389 2863 pantheisti-

105 2917 161 2959 cae
186 2896 366 2960 admiscere
387 2897 573 2980 potuerint,
600 2897 793 2980 praesertim
819 2897 1013 2999 cumomulti
1033 2898 1095 2962 viri
1115 2898 1225 2963 docti⁶
1251 2919 1389 2963 asserere

81 3014 275 3095 dubitent,
302 3015 427 3094 omnia,
455 3038 537 3099 quae
560 3016 600 3080 de
624 3015 844 3100 Orphicorum
864 3039 1087 3081 macrocosmo
1113 3024 1147 3082 et
1167 3017 1389 3103 psychogonia

103 3135 292 3214 tradantur,
315 3157 386 3199 sero
404 3136 536 3199 demum
557 3137 700 3200 condeta
722 3157 804 3200 esse.
851 3137 971 3219 Itaque
986 3144 1121 3221 propter
1136 3137 1387 3222 pantheismum,

175 3405 293 3458 ¹Aeset.
310 3411 412 3474 freyn.
436 3413 475 3461 ed.
495 3413 623 3477 Diodorf,
643 3416 702 3461 295.
738 3413 793 3460 ΑΙίὶ
815 3413 874 3461 illos
897 3427 985 3462 versus
1010 3413 1042 3461 ab
1066 3413 1248 3476 Euphorione,
1273 3411 1386 3476 Aeschyli

104 3494 165 3555 filio,
187 3495 296 3557 scriptos
315 3509 372 3544 esse
391 3497 562 3560 suspicentur,
582 3497 616 3546 cf.
636 3496 793 3559 Gerhard,
814 3501 832 3548 l.
853 3517 875 3548 c.
893 3516 921 3563 p.
943 3503 973 3547 62
994 3500 1028 3547 N.
1049 3503 1090 3548 87.

172 3575 183 3606 ²
202 3577 243 3628 cf.
262 3581 325 3645 Agl.
341 3598 371 3645 p.
395 3585 441 3629 155
454 3599 503 3646 sq„
519 3601 548 3647 p.
570 3588 628 3633 609.

173 3661 243 3714 ³·Cf.
262 3665 427 3729 Empedoclis
453 3675 479 3716 et
496 3668 654 3717 Parmenidis
678 3669 822 3733 fragmenta
845 3679 870 3719 ct
894 3684 960 3733 quae
984 3671 1015 3719 de
1034 3670 1199 3734 Pherekydis‚
1222 3669 1384 3734 Epimenidis,

104 3750 225 3800 Akusilai
243 3752 365 3801 doctrinis
383 3753 458 3801 nubis
477 3755 569 3802 tradita
587 3763 653 3804 sunt.

174 3833 244 3889 *Os
278 3839 342 3887 illud
370 3840 512 3903 Terpaudri
540 3841 708 3904 spondiacum
736 3842 904 3905 (Ritsohl’s
933 3843 1024 3893 Kleice
1038 3856 1041 3861 ·
1052 3842 1239 3907 philologiscbe
1264 3843 1385 3907 Schriften

107 3920 223 3986 (Leipzig
244 3925 329 3988 1866),
349 3927 372 3984 Ι,
392 3931 451 3975 272.

533 4008 586 4061 Ζεῦ
605 4010 707 4062 πάντων
726 4011 803 4083 ἀρχὰ,
824 4012 925 4064 πάντων

534 4096 638 4168 ἁγήτωρ
658 4094 720 4157 Ζεῦ,
742 4097 778 4148 σοὶ
797 4098 899 4166 πέμπω,

531 4182 628 4234 ταύταν
647 4181 716 4247 (τὰν)
737 4180 822 4251 ὕμνων
841 4184 933 4256 ἀρχάν.

174 4260 351 4323 ⁵Lobcck‚
376 4267 438 4331 Agl.
453 4285 483 4332 p.
504 4274 612 4334 9083q„
628 4288 657 4335 p.
680 4274 742 4330 7463
767 4270 954 4334 Bernhardy
972 4272 992 4320 l.
1012 4288 1034 4320 o.
1055 4272 1095 4331 II,
1113 4269 1135 4332 1,
1154 4275 1215 4321 429.
1235 4269 1385 4334 Naegels-

105 4349 196 4410 bach,
211 4352 262 4400 Die
273 4353 490 4402 nucthcmerisete
504 4355 635 4419 dheolopie
648 4359 692 4406 des
702 4357 798 4420 yricet.
818 4358 1018 4421 Volksqluubeus
1031 4356 1178 4420 (nentem
1194 4354 1318 4420 1857)‚p.
1332 4357 1383 4402 403.
