2986 4800
642 179 807 272 ,39-

71 397 183 483 nuper·
203 377 373 440 nonnullis
395 377 473 440 viris
496 379 696 443 doctissimis
724 381 882 464 placuit,²
908 403 1041 464 prorsus
1063 383 1205 447 delenda
1225 392 1303 447 sunt
1328 407 1370 449 ex

70 497 160 561 ratis
184 496 407 580 „Apollinei“
432 498 624 581 Theogonis
630 548 640 577 ,
666 508 773 564 restat
796 500 933 564 Metidis
959 502 1123 585 cataposis
1155 503 1195 566 ab
1221 503 1367 568 Hesiodo

70 735 228 819 appositi.
275 738 326 799 Ac
342 736 424 800 mihi
439 736 570 820 quidem
588 740 778 823 conjectura
794 739 927 818 arridet,
945 761 1008 823 qua
1025 739 1150 825 Orphei
1165 742 1309 806 narratio
1327 765 1368 807 ex

69 855 251 934 Hesiod0,¹
275 877 416 939 quocum
436 856 531 920 illum
551 858 680 943 saepius
702 859 888 923 consentire
910 882 1008 943 supra
1024 860 1185 924 monitum
1207 867 1273 939 est,
1296 862 1366 926 fere

69 975 160 1039 hunc
187 974 222 1038 in
242 976 377 1040 modum
398 977 676 1060 repraesentanda
698 978 752 1042 sit.
800 977 931 1062 Jupiter
951 979 1123 1062 gravidam
1144 979 1225 1044 facit
1244 980 1363 1044 Metin.

67 1095 136 1158 Sed
159 1118 178 1159 a
194 1095 295 1158 Terra
311 1102 345 1158 et
362 1095 463 1159 Coelo
480 1097 533 1159 vel
556 1119 575 1160 a
591 1097 719 1160 Nocte³
738 1098 1020 1163 commonefactus
1039 1121 1112 1163 eam
1128 1100 1300 1180 desorbet,
1324 1123 1364 1165 ne

65 1223 147 1298 post
163 1214 348 1278 Minervam
363 1237 501 1299 puerum
517 1215 678 1296 enitatur,
701 1217 756 1299 qui
772 1225 898 1299 patrem
914 1239 1017 1300 regno
1039 1220 1205 1302 expellere
1221 1219 1291 1283 fato
1309 1219 1364 1284 de·

65 1334 213 1397 stinatus
229 1333 285 1397 sit.
331 1335 376 1397 Et
392 1334 575 1399 Minervam
593 1335 725 1418 quidem
740 1336 810 1420 ipse
826 1358 938 1399 rursus
954 1337 988 1401 in
1004 1338 1113 1402 lucem
1129 1338 1209 1417 edit,
1227 1360 1362 1421 puerum

66 1475 147 1516 vero
164 1453 196 1516 in
207 1461 321 1518 ventre
338 1455 543 1518 occultatum
552 1454 686 1518 retinet.
712 1455 805 1520 Quae
817 1463 1000 1546 cumpoeta
1015 1464 1174 1535 narraret,
1193 1457 1362 1540 aptissime

70 1593 111 1635 eo
126 1573 211 1650 loco,
228 1596 291 1657 quo
308 1575 348 1638 de
366 1576 429 1639 hoc
444 1597 545 1659 puero
561 1575 652 1657 regio
670 1576 908 1643 sermocinatus
926 1584 1007 1654 erat,
1025 1578 1184 1660 hymnum
1201 1577 1235 1640 in
1244 1578 1264 1640 J
1267 1599 1361 1640 ovem

65 1698 137 1755 tam
159 1690 290 1758 funesto
313 1694 460 1780 periculo
483 1694 626 1759 feliciter
648 1695 842 1759 defunctum
865 1695 953 1759 etin
975 1717 1071 1759 omne
1087 1695 1206 1760 dehinc
1228 1704 1360 1783 tempus

63 1833 180 1875 secure
196 1821 412 1896 regnaturum
427 1813 580 1892 inserere,
598 1815 768 1879 Minervae
784 1823 896 1879 autem
912 1815 1175 1901 procreationem
1186 1816 1294 1880 verbis
1305 1817 1360 1880 de·

63 1931 210 1996 scribere
226 1932 352 2016 potuit:

317 2054 368 2122 τὴν
384 2051 404 2105 δ’
424 2051 461 2125 ἄρ’
482 2054 634 2125 ἀποκρύψας
652 2051 726 2110 αὖθις
744 2055 808 2125 φάος
827 2055 853 2111 ἐς
871 2054 1018 2125 πολογηθές

315 2156 411 2225 μέλλεν
431 2157 480 2209 ἀπὸ
499 2155 607 2229 κραδίης
625 2157 759 2228 προφέρειν
777 2156 840 2208 πάλι
858 2156 972 2208 θέσκελα
992 2156 1071 2228 ’ρέζων

12 2276 17 2284 ·
58 2258 130 2320 vel:
154 2267 254 2344 μέλλεν
268 2268 322 2345 τὰρ
343 2273 462 2347 κορυφῆς
480 2268 621 2346 προφέρειν
641 2271 709 2338 κτλ,
731 2257 759 2320 si
779 2259 920 2321 Proculo
944 2258 1143 2322 credendum
1165 2267 1232 2337 est,
1257 2259 1358 2322 etiam

59 2377 235 2463 Orpheum
245 2377 429 2441 Minervam
446 2385 607 2440 armatam
623 2398 662 2441 ex
679 2378 699 2439 J
701 2377 770 2440 ovis
788 2377 896 2464 capite
913 2378 1142 2464 prosilientem
1157 2379 1290 2442 finxisse
1306 2401 1355 2443 re-

59 2495 214 2560 ferenti*
246 2496 455 2579 Quamquam
471 2497 656 2560 necessaria
672 2497 753 2561 mihi
769 2519 807 2560 ea
824 2497 1010 2561 emendatio
1027 2521 1093 2561 non
1110 2499 1250 2563 videtur.
1287 2499 1355 2562 Ho-

59 2639 170 2680 merus
191 2616 279 2680 enim
295 2616 480 2680 Minervam
500 2639 541 2680 ex
557 2617 664 2702 capite
681 2616 784 2704 patris
802 2625 909 2680 ortam
931 2639 1018 2696 esse,
1042 2641 1205 2701 nusquam
1225 2625 1353 2694 narrat3

62 2735 246 2799 Hesiodus⁵
264 2736 326 2799 alt:
350 2745 430 2812 αὐτὸς
444 2742 471 2805 δ’
483 2747 514 2805 ἐκ
528 2749 649 2825 κεφαλῆς
662 2745 835 2822 γλαυκώπιδα
851 2745 1031 2823 Τριτογένειαν
1047 2736 1130 2820 (SOU-
1149 2741 1276 2820 ἔτικτεν),
1296 2737 1354 2801 Sed

58 2854 183 2934 nescio,
202 2879 282 2919 num
298 2857 379 2920 haec
396 2878 471 2919 cum
487 2877 599 2920 eorum
614 2862 739 2933 tenore,
759 2877 882 2938 quaer.
896 2859 957 2919 886
968 2879 1018 2939 sq.
1035 2856 1203 2938 leguntur,
1221 2879 1353 2940 prorsus

58 2982 259 3059 congruant.
285 2975 352 3039 Ubi
368 2997 442 3038 cum
458 2975 588 3059 Jupiter
604 2974 710 3038 Metin
727 2974 760 3036 in
776 2982 890 3038 ventre
907 2976 984 3038 ειιοὅ
1001 2975 1195 3058 imposuisse
1212 2975 1350 3053 dicatur,

56 3092 203 3160 fortasse
223 3094 322 3158 etiam
333 3095 506 3158 mulierum
516 3094 583 3158 ritu
595 3093 695 3157 filiam
713 3094 827 3156 enixus
845 3115 917 3157 esse
933 3094 1099 3177 putandus
1116 3099 1177 3171 est,
1196 3095 1351 3177 quemad-

55 3214 197 3278 modum
209 3213 394 3298 Dionysum
405 3215 599 3279 Thebauum
615 3213 646 3277 in
663 3212 770 3277 femur
786 3213 950 3276 inclusum
967 3235 1007 3277 ex
1022 3213 1146 3284 femore
1162 3213 1350 3297 progenuit.

128 3486 137 3517 ²
157 3487 200 3539 ef.
221 3488 377 3551 Gorhard,
401 3491 481 3541 Ueber
502 3491 625 3555 Orpheae,
640 3508 669 3554 p.
690 3494 722 3538 48
742 3490 776 3539 N.
796 3494 837 3537 25.
946 3547 947 3550 γ

126 3571 137 3604 ²
158 3573 199 3624 cf.
218 3577 342 3640 Apollod.
362 3577 434 3627 Bitl.
454 3579 478 3635 Ι,
497 3581 521 3637 3,
542 3581 556 3625 6
576 3585 601 3624 et
618 3578 712 3626 Accola.
731 3577 818 3624 Prom.
838 3591 862 3624 v.
884 3579 931 3623 755
945 3593 984 3639 eq.

126 3657 137 3689 ³
154 3660 196 3715 Ea
214 3655 370 3724 eniniapud
388 3659 520 3725 Orpheum
539 3663 587 3710 dea
606 3669 644 3710 est
662 3661 774 3709 fatidica.

126 3742 220 3810 4Αρλ
237 3763 267 3810 p.
288 3751 345 3794 540.

124 3829 136 3860 ⁶
157 3833 249 3897 Ἰλιαορ.
269 3849 293 3882 ο.
315 3837 364 3883 924
378 3849 416 3898 ορ.

124 3913 217 3985 6Ἑνγν
242 3916 384 3986 ἐγκάτθετο
412 3917 499 3988 νηδύν.
536 3917 795 3968 Masculofemineum
822 3917 890 3966 huno
914 3917 989 3965 deum
1016 3928 1073 3964 esse
1098 3913 1216 3978 Orpheus
1246 3931 1347 3980 quoque

52 4004 139 4054 verbis
159 4003 299 4067 significat:
662 4012 670 4022 ·

307 4086 375 4146 Ζεὺς
393 4086 473 4161 ἄρσην
491 4088 587 4159 γένετο,
608 4084 674 4144 Ζεὺς
693 4084 820 4159 ἄμβροτος
839 4083 930 4136 ἔπλετο
949 4083 1046 4154 νύμφη.

52 4173 122 4224 Cum
141 4176 212 4225 enim
230 4174 333 4238 Jupiter
355 4190 444 4224 omues
467 4176 494 4222 in
517 4190 544 4224 se
562 4189 647 4223 rerum
665 4174 859 4222 contrarietates
883 4169 1091 4233 comprehendat,
1118 4186 1226 4222 sexuum
1244 4187 1345 4235 quoque

52 4261 216 4311 differentiae
244 4260 275 4309 ab
303 4259 358 4323 ejus
384 4268 477 4310 natura
503 4261 672 4312 secludendae
699 4260 824 4308 videntur.
871 4254 911 4305 cf.
940 4255 1172 4306 Hildebraudii
1199 4267 1286 4308 notam
1313 4259 1345 4306 ad

52 4349 154 4412 appol.
174 4349 217 4396 no
235 4348 333 4396 uana
352 4365 374 4396 ο.
394 4350 425 4395 ar
447 4346 489 4410 (r.
509 4347 549 4404 Π,
568 4346 640 4408 ιον).
