2986 4800
730 193 770 254 20

7 378 12 387 Ι
104 419 166 479 que
188 396 306 460 habuit
328 417 474 460 uxorem.
520 395 627 458 Ouum
651 393 795 457 Noctem
817 393 930 470 fuisse,
953 392 1042 457 haud
1063 392 1133 456 veri
1154 392 1306 455 absimile
1328 399 1391 455 est.

102 517 190 579 Nam
211 522 341 599 praeter
364 537 436 578 eam
456 515 548 577 nulla
570 514 658 596 quod
679 514 778 577 sciam
802 514 863 576 dea
880 523 942 590 est,
966 533 1049 595 quae
1064 511 1099 575 in
1121 512 1255 575 deorum
1271 533 1393 594 genea-

102 635 201 718 logiis
218 635 350 698 Terram
370 634 425 698 vel
442 633 567 697 anteire
589 635 642 696 vel
664 655 775 715 parem
793 654 866 695 cum
888 653 926 695 ea
948 632 1057 694 locum
1083 630 1233 694 obtinere
1254 629 1392 714 possit.¹

103 754 241 817 Ocelum
262 760 374 817 autem
397 775 472 816 oum
494 760 599 815 matre
621 774 680 814 sna
703 753 795 834 (haec
819 750 905 816 enim
921 751 999 813 Nox
1020 761 1072 813 est
1095 749 1279 814 secundum
1300 749 1393 812 Aris·

100 873 242 936 totelcm
267 880 301 936 31
322 873 519 953 Eudemum)
546 870 777 934 commercium
802 870 973 948 habuisse,
1000 891 1095 932 nemo
1121 869 1312 947 mirabitur,
1340 869 1394 952 qui

101 990 329 1075 perpenderit,
362 991 448 1074 apud
473 990 656 1054 Hesiodum
681 1010 810 1073 quoque
836 990 969 1053 Terram
994 988 1095 1052 Coelo
1122 997 1156 1051 31
1180 991 1290 1052 Ponto
1316 987 1392 1051 filiis

102 1110 237 1172 nubere.
266 1146 298 1159 -
324 1111 497 1173 Postremo
523 1108 551 1171 si
576 1108 648 1192 quis
672 1106 872 1171 Lobeckio
898 1107 974 1173 dare
999 1107 1093 1185 velit,
1117 1106 1295 1191 Sophistae
1320 1106 1392 1170 loco

103 1251 201 1312 supra
226 1230 373 1311 allegato
396 1229 567 1311 Orpheum
592 1228 753 1306 denotari,
780 1227 838 1291 sed
859 1234 973 1290 tamen
995 1226 1080 1289 illud
1104 1238 1142 1300 ὡς
1165 1236 1222 1301 ἐνὸς
1245 1234 1321 1300 ὄντος
1343 1241 1394 1294 τῶν

101 1357 208 1416 πάντων
227 1357 399 1434 καλουμένων
424 1349 464 1412 de
487 1348 620 1412 Oceano
642 1346 833 1430 intelligere
854 1353 1002 1424 recuset,
1028 1367 1068 1408 311
1077 1329 1096 1407 1⁶
1114 1345 1211 1408 adest
1233 1345 1328 1423 Nox,
1356 1367 1393 1408 311

31 1546 38 1559 .
102 1467 301 1548 quaomnia,
320 1489 403 1549 quae
420 1474 510 1544 sunt,
529 1466 687 1530 continuo
704 1467 817 1530 ordine
834 1465 972 1550 produci
987 1476 1122 1548 queant.

706 1655 735 1738 1.
757 1657 788 1716 1.

188 1790 208 1850 J
210 1811 262 1851 am
284 1789 432 1871 quisquis
449 1811 488 1852 ex
505 1787 743 1872 antiquissimis
760 1787 977 1872 scriptoribus
994 1788 1174 1852 eruendum
1191 1809 1264 1851 esse
1281 1788 1391 1851 nobis·

103 1929 177 1970 cum
202 1907 337 1986 statuit,
367 1907 421 1991 qui
446 1879 675 1991 antiquissimo
700 1916 848 1990 tempore
875 1908 954 1971 ordo
979 1916 1014 1971 et
1039 1906 1164 1990 species
1188 1906 1390 1991 theogoniae

104 2025 267 2110 Orphicae
289 2026 403 2104 fuerit,
430 2026 571 2090 10113333
594 2048 681 2090 nunc
704 2027 879 2105 concedet,
907 2025 1119 2110 gravissimos
1141 2024 1276 2089 illorum
1301 2026 1390 2089 locos

102 2169 169 2210 non
192 2148 280 2210 ultra
301 2147 444 2210 Noctem
470 2146 607 2210 deorum
629 2146 791 2229 originem
811 2147 971 2228 relegare.
1013 2130 1172 2209 Quamvis
1197 2145 1303 2228 igitur
1323 2152 1391 2208 13111

102 2287 207 2348 pauca
232 2264 313 2342 sint,
341 2287 424 2348 quae
448 2266 544 2328 nobis
570 2266 609 2328 de
632 2266 765 2350 Orpheo
792 2288 810 2327 a
832 2265 988 2342 Platone,
1015 2265 1216 2343 Aristotele,
1241 2264 1390 2328 Eudemo

102 2390 287 2461 narrantur,
311 2391 348 2446 ut
364 2406 430 2447 non
446 2384 510 2447 nisi
526 2384 669 2467 quinque
687 2384 824 2447 deorum
838 2393 932 2470 γενεάς
947 2407 965 2446 3
980 2384 1090 2448 Nocte
1107 2391 1197 2447 ortas
1214 2382 1391 2447 staminum

102 2501 208 2566 instar
223 2502 394 2567 intendere
409 2502 521 2581 liceat,
539 2525 645 2586 neque
662 2510 814 2567 accurate
831 2502 896 2566 dici
912 2503 1028 2587 possit,
1047 2525 1129 2586 quae
1146 2526 1165 2566 a
1179 2509 1295 2568 vetere
1311 2523 1390 2587 quae

103 2643 122 2684 a
143 2621 325 2685 recentiore
351 2630 450 2706 po'e'ta
474 2624 632 2686 subtexta
654 2621 736 2700 sint,
762 2630 875 2685 tamen
896 2625 959 2685 hoc
984 2645 1087 2685 unum
1108 2622 1241 2685 videtur
1267 2630 1388 2686 certum

104 2745 199 2818 3333,
219 2763 469 2825 quaecunque
494 2741 532 2805 in
561 2741 794 2826 fragmentis
819 2742 986 2804 Noctem
1010 2741 1264 2819 antecedant,
1292 2739 1390 2804 anti-

104 2858 289 2945 quissimo
312 2861 474 2927 carmini
493 2884 568 2924 non
588 2883 672 2924 esse
692 2859 938 2924 vindicanda.
972 2860 1069 2924 Ouod
1087 2859 1115 2923 si
1130 2860 1177 2923 ita
1194 2869 1258 2938 est,
1277 2859 1390 2923 mirum

104 2985 203 3058 esset,
229 2978 293 3042 nisi
314 2979 348 3043 in
369 2979 565 3065 fragmentis
588 3001 718 3063 quoque
741 2979 851 3063 aliqua
873 2979 1015 3062 vestigia
1035 2978 1284 3058 remansissent,
1311 3000 1389 3062 quae

104 3119 142 3160 eo
159 3098 230 3182 ipso
242 3100 328 3177 leuc,
346 3099 404 3162 ubi
420 3100 460 3162 de
470 3100 580 3163 Nocte
597 3120 702 3164 sermo
717 3100 767 3176 fit,
786 3121 917 3163 carmen
928 3104 1104 3161 consutum
1119 3120 1192 3162 esse
1202 3105 1388 3182 arguerent.

103 3216 187 3293 Nec,
212 3215 240 3278 si
255 3223 345 3280 recte
366 3217 474 3297 vide0,
498 3240 573 3302 spes
589 3240 649 3281 nos
671 3218 771 3281 fallit.
808 3217 902 3281 Nihil
926 3217 1010 3281 enim
1034 3217 1107 3281 dico
1129 3218 1174 3281 de.
1192 3217 1272 3282 stilo
1295 3226 1389 3301 atque

105 3333 236 3397 dicendi
260 3356 380 3416 genere
405 3336 547 3420 partium
570 3336 715 3400 Noctem
740 3336 987 3421 praeeuntium²
1013 3335 1110 3399 nimis
1136 3344 1269 3415 ornato,
1297 3336 1388 3401 anxio

105 3461 139 3517 et
160 3475 179 3516 a
202 3461 384 3517 ceterorum
406 3476 561 3518 versuum
583 3454 718 3539 antiqua
740 3454 953 3540 simplicitate
970 3463 1004 3519 31
1025 3462 1201 3519 venustate
1223 3456 1322 3519 valde
1345 3477 1390 3518 re·

104 3580 233 3636 moto-
240 3597 250 3650 ;
282 3595 357 3636 nam
384 3595 458 3637 cum
483 3573 523 3637 de
554 3574 685 3657 hymnis
711 3574 865 3659 Orphicis
891 3574 1212 3658 elegantissimorum
1238 3574 1391 3638 doctissi-

173 3742 347 3809 ι1131110113
366 3745 398 3794 ab
416 3745 558 3808 Apollonio
577 3745 687 3811 (Argoa.
706 3746 806 3810 Lice)
826 3755 885 3796 anto
903 3754 1002 3797 ceteros
1021 3749 1082 3798 deos
1102 3747 1268 3812 Olympicum
1285 3756 1391 3813 regnum

104 3830 216 3878 tenuisse
241 3832 343 3881 dicitur.
380 3831 442 3895 Ipsa
465 3839 550 3881 autem
574 3845 627 3879 non
645 3832 728 3880 solum
750 3839 809 3895 post
828 3830 914 3881 Chaos
934 3833 969 3896 (v.
989 3833 1147 3897 tes-497),
1172 3835 1218 3883 scd
1236 3835 1317 3884 etiam
1334 3841 1391 3898 post

106 3911 239 3963 Oceanum
256 3924 317 3966 11313
335 3925 382 3977 331,
401 3931 460 3966 cum
479 3916 534 3965 eius
552 3915 606 3964 filia
624 3923 736 3965 vocetur.

173 3994 256 4047 ¹Nec
279 4014 332 4049 non
356 4016 455 4063 earum,
485 4001 578 4065 quibus
601 4001 633 4050 de
658 4001 779 4051 Phanotis
806 4004 922 4066 catapcsi
950 4004 1042 4067 agitur.
1079 4003 1113 4065 Ut
1136 4019 1217 4053 unum
1245 4004 1391 4068 exemplum

104 4082 242 4146 proferam,
261 4084 318 4146 quis
336 4086 423 4134 tulerit
440 4086 566 4135 eiusmodi
585 4085 755 4149 epithetorum
774 4089 993 4138 coacervationem
1006 4096 1032 4138 01
1044 4089 1258 4152 etymologiarum
1270 4090 1390 4153 ineptias,

105 4168 194 4230 quales
206 4176 384 4233 proponuntur
395 4171 422 4218 in
434 4171 548 4221 versibus
565 4187 582 4221 a
593 4171 728 4221 Macrobio
740 4173 875 4222 asservatis
893 4173 966 4238 (Ayl.
976 4191 1006 4238 p.
1020 4178 1080 4234 498,
1094 4173 1126 4223 cf.
1140 4174 1208 4223 infra
1215 4192 1246 4241 p.
1261 4175 1324 4238 28ss
1342 4173 1391 4224 Its·

105 4266 156 4315 que
172 4252 331 4302 Lobeckii
349 4252 446 4302 iudicio
466 4257 538 4320 (Api.
554 4274 583 4321 p.
599 4255 660 4319 cll)
678 4271 731 4305 non
749 4257 800 4305 nisi
819 4259 934 4321 exceptis
952 4259 993 4319 iis,
1013 4273 1077 4321 quas
1094 4259 1172 4308 modo
1190 4260 1257 4320 dixi,
1276 4260 1391 4324 partibus

106 4337 267 4387 subscribere
285 4351 399 4400 possum.
511 4328 516 4343 '
