2986 4800
684 181 724 240 63

58 380 220 465 suspicio,
244 381 348 444 Getas
364 379 546 444 Thracibus
562 403 581 444 a
597 381 878 464 septentrionibus
895 381 1053 445 finitimos
1070 385 1157 447 hunc
1174 383 1275 448 fuisse
1290 407 1351 468 po·

55 502 175 585 pulum
197 499 442 563 Germanicum.
489 500 623 563 Etenim
649 522 705 564 eos
730 500 950 565 a'l‘hracibus
976 501 1123 565 diversos
1147 503 1249 567 fuisse
1275 526 1349 568 cum

55 620 252 684 Herodotus
268 619 446 706 siguificat,
468 627 542 682 tum
557 620 588 681 J.
607 619 754 684 Grimm
769 620 842 685 aliis
859 643 988 704 quoque
1005 622 1169 685 decausis
1186 623 1351 706 sagaciter

56 739 249 823 suspicatus
278 741 364 803 est.¹
409 740 506 802 Idem
535 738 585 802 vir
612 739 896 823 ingeniosissimus
927 762 983 803 eos
1009 741 1191 804 Germanos
1221 742 1350 810 duxit‚²

56 859 147 923 Ouid
171 858 291 942 igitur,
315 858 343 921 si
359 858 466 922 Getae
488 866 566 942 post
579 859 772 942 Lycurgum
788 860 932 924 Thraces
952 861 1041 924 bello
1063 861 1171 925 adorti
1186 885 1350 924 summum

56 1002 155 1042 suum
171 979 271 1042 deum
283 977 455 1042 Zalmoxin
471 978 493 1041 i.
506 1000 535 1042 e.
553 979 738 1042 Wodanem
753 978 776 1042 i.
788 1001 816 1042 e.
835 979 1055 1042 Μο101111111118
1073 1002 1185 1044 secum
1200 981 1234 1044 in
1249 982 1351 1044 Thra·

56 1099 142 1162 eiam
161 1097 283 1161 victam
304 1105 339 1161 et
354 1104 576 1182 expugnatam
592 1099 856 1162 transtulerunt?
878 1137 920 1146 -
942 1099 1036 1163 Quae
1053 1100 1080 1162 si
1097 1100 1207 1163 omnia
1221 1123 1351 1165 mecum

55 1224 188 1300 reputo,
207 1218 351 1281 Thraces
362 1217 488 1301 Orphei
503 1217 707 1301 temporibus
724 1217 805 1280 mihi
815 1218 970 1295 Martem,
988 1218 1140 1297 Dianam,
1158 1219 1352 1302 Apollinem

56 1337 110 1402 vel
127 1336 252 1414 Solem,
276 1337 390 1401 Musas
406 1337 548 1420 denique
564 1336 717 1399 videntur
734 1336 886 1400 coluisse.
933 1338 1078 1401 Martem
1093 1346 1205 1401 autem
1221 1345 1255 1401 ct
1270 1339 1352 1402 Dia-

58 1480 136 1521 nam
160 1478 238 1541 prae
265 1455 384 1520 ceteris
406 1456 468 1519 diis
494 1456 527 1519 in
547 1455 740 1538 Theogonis
761 1456 907 1540 Orphica
932 1457 1117 1520 celebratos
1143 1479 1230 1535 esse,
1256 1458 1349 1521 nullo

62 1577 149 1659 quod
164 1575 266 1639 sciam
282 1575 404 1639 indicio
421 1575 633 1640 manifestum
650 1582 712 1638 est.
758 1576 873 1639 Musas
890 1576 1007 1640 deinde
1024 1584 1123 1661 poeta
1138 1599 1204 1640 non
1220 1576 1352 1661 saepius

60 1695 175 1780 opinor
191 1695 480 1773 commemoravit,
505 1719 601 1778 quam
619 1717 692 1758 cum
712 1717 767 1758 eas
789 1696 831 1758 ad
847 1695 1082 1779 auspicandum
1099 1697 1153 1761 vel
1169 1696 1352 1760 finiendum

59 1823 196 1879 cantum
210 1814 396 1878 incitavit.⁴
442 1816 562 1878 Restat
582 1814 685 1898 igitur
701 1815 840 1899 Apollo,
864 1816 905 1879 de
922 1839 986 1898 quo
1003 1815 1084 1880 mihi
1099 1839 1186 1880 nune
1202 1838 1353 1880 seorsum

58 1935 237 1998 dicendum
253 1942 315 2012 est,
334 1956 409 1998 cum
423 1933 656 2016 „Apollineo“
678 1935 820 2016 quodam
842 1942 961 1998 ornatu
982 1942 1017 1999 et
1037 1936 1161 2001 lumine
1180 1937 1350 2019 Orpheum

57 2054 189 2137 fulgere
204 2053 281 2116 iude
298 2077 317 2116 a
332 2053 534 2118 Klausenio⁶
560 2052 679 2117 iterum
695 2052 880 2136 iterumque
897 2054 1089 2117 dictitatum
1104 2055 1160 2118 sit.
1193 2055 1349 2119 Omnium

58 2175 97 2237 de
115 2177 229 2237 haere
245 2170 1063 2237 testimoniorumluculentissimumEratosthenis
1080 2173 1172 2237 locus
1189 2181 1240 2238 cst
1250 2175 1351 2238 modo

56 2293 226 2370 laudatus,
244 2314 285 2356 ex
301 2316 364 2376 quo
382 2292 550 2370 discimus,
569 2292 739 2375 Orpheum
755 2291 789 2354 in
804 2293 958 2375 Pangaeo
976 2293 1087 2356 Solem
1104 2295 1165 2358 sub
1182 2280 1350 2377 Apollinis

57 2412 213 2477 nomine⁰
239 2412 406 2475 adorasse.
459 2413 534 2476 Ouo
560 2412 594 2474 in
619 2411 739 2475 nuncio
765 2411 913 2494 quamvis
939 2412 1035 2476 facile
1061 2414 1225 2477 offendere
1250 2435 1352 2497 queas

56 2636 141 2708 ὁρμῆς
161 2636 207 2700 (01.
228 2634 260 2685 G.
280 2634 430 2697 00111110,
459 2638 610 2700 &modeim
628 2638 675 2686 der
696 2638 807 2686 Gciectae
819 2638 979 2702 Etpmoloyis
998 2637 1023 2702 (1
1044 2641 1126 2703 Assy.
1146 2640 1251 2705 Leipeiq
1271 2639 1351 2704 1858)

55 2725 79 2782 Ι,
99 2722 175 2786 313),
200 2722 226 2770 id
250 2722 318 2784 quod
344 2737 402 2770 curn
425 2720 551 2770 Wodsnis
575 2728 667 2770 natura
692 2721 837 2783 procellosa
865 2719 1010 2791 (Grimm,
1035 2724 1054 2772 l.
1074 2741 1096 2772 c.
1112 2741 1141 2787 p.
1162 2726 1225 2788 871)
1253 2726 1351 2789 optime

56 2808 187 2857 convenit.
222 2806 359 2855 Praeterea
378 2807 454 2855 etism
473 2804 660 2854 Germanorum
677 2819 761 2868 reges,
784 2821 835 2855 non
854 2807 937 2856 minus
957 2821 1034 2869 quam
1052 2808 1158 2858 Thracii
1176 2825 1192 2858 a
1208 2811 1350 2870 Mercurio,

56 2894 187 2958 originem
204 2892 327 2957 petebant
343 2907 359 2940 a
376 2891 493 2941 Wodane
512 2890 656 2956 (Grimm,
678 2893 697 2941 l.
717 2910 739 2942 e.
756 2910 785 2957 p.
809 2890 877 2955 149).

128 2975 138 3006 ¹
156 2978 175 3027 J
178 3013 184 3025 .
205 2976 340 3039 Grimm,
364 2979 511 3027 Gssctichte
529 2980 576 3027 der
593 2980 727 3028 deutschen
746 2979 860 3042 Spracte
880 2977 915 3042 (3.
930 2979 1001 3045 Asfl.
1021 2980 1126 3044 Leipzip
1146 2979 1233 3042 1868),
1252 2981 1276 3038 Ι,
1292 2985 1351 3030 129.

125 3060 198 3113 ’Ie
215 3082 244 3129 p.
267 3067 314 3111 115
327 3080 364 3128 sq.

127 3145 288 3199 ³Zslmoxis
307 3164 359 3197 non
376 3149 468 3197 iisdem
487 3132 621 3196 decausis
640 3147 732 3209 quibus
747 3141 848 3217 Ἑρμῆς
866 3147 977 3196 Wodani
996 3149 1086 3198 similis
1104 3150 1212 3198 videtur.
1245 3150 1350 3200 Etenim
1415 3133 1417 3136 Α

56 3234 191 3282 Zalmoxis
209 3242 346 3299 propterea
364 3249 422 3283 cum
440 3233 489 3282 hoc
505 3234 697 3295 componendus
717 3239 764 3292 est,
784 3233 852 3294 quod
871 3232 972 3282 animae
990 3234 1146 3284 immortales
1163 3243 1223 3299 post
1240 3245 1349 3286 mortem

56 3321 88 3368 ad
107 3328 247 3381 utrumque
264 3320 351 3368 venire
373 3317 536 3381 putabantur.
572 3317 711 3368 Nominum
734 3317 867 3366 Zalmoxis
887 3325 911 3366 et
930 3317 1074 3368 Gebcleizis
1093 3319 1275 3370 Germanicam
1297 3330 1351 3386 ety-

56 3405 199 3468 mologiam
224 3419 312 3452 eruere
335 3405 420 3452 studet
444 3401 575 3463 Grimm,
604 3405 693 3452 Gesch.
713 3405 740 3453 d.
760 3405 786 3452 d.
807 3404 869 3468 Spr.
895 3405 919 3462 I,
941 3408 997 3453 181.
1033 3404 1124 3468 Ittque
1149 3407 1280 3456 Zalmoxis
1300 3406 1350 3456 Ge·

56 3499 142 3539 tarum
166 3497 192 3537 ct
209 3490 353 3538 Mercurius
375 3503 464 3552 regum
487 3488 658 3536 Thraciorum
681 3501 734 3535 non
755 3493 892 3550 propterea
915 3488 1091 3538 confundendi
1115 3500 1182 3555 sunt,
1208 3493 1276 3555 quod
1298 3492 1350 3555 ipsi

56 3589 163 3639 prorsus
182 3589 235 3623 non
253 3574 380 3636 differant,
401 3574 446 3622 sed
465 3573 526 3635 quia
544 3572 620 3621 ambo
638 3572 712 3622 101110
732 3573 780 3621 deo
799 3573 918 3622 videlicet
936 3573 1048 3638 Wodani
1066 3577 1163 3626 similes
1183 3585 1249 3625 snut.

127 3656 139 3687 ⁴¹
158 3657 209 3720 Of„
231 3674 297 3721 quae
315 3674 393 3722 supra
409 3659 457 3707 hec
477 3660 508 3707 de
527 3673 555 3706 re
573 3658 637 3706 dixi.

128 3747 316 3816 ⁵Allysmes'ce
332 3751 539 3817 Euryclopcedis
556 3766 604 3800 0011
626 3749 730 3798 Ersoh
747 3750 800 3798 und
819 3748 946 3799 Gruber
964 3747 1064 3812 (1885),
1083 3748 1139 3805 ΙΙΙ,
1159 3752 1183 3808 6,
1203 3752 1217 3795 9
1236 3764 1274 3811 sq.
1306 3746 1348 3797 cf.

58 3836 219 3898 Gerhard,
239 3839 258 3887 l.
279 3855 301 3887 c.
317 3855 347 3902 p.
367 3842 399 3885 49
418 3837 453 3886 N.
474 3840 516 3884 28.

127 3919 139 3951 ⁶
157 3922 307 3985 Apollinem
325 3922 470 3984 significare
489 3922 565 3969 deum
589 3919 651 3967 solis
669 3926 694 3967 et
711 3919 787 3980 lucis,
811 3920 888 3968 etism
912 3920 970 3968 novi
993 3917 1133 3980 mythologi
1151 3931 1238 3965 rursus
1257 3931 1351 3968 concc-

58 4010 123 4057 dunt
150 4009 196 4073 (cf.
216 4007 362 4068 Preller,·
385 4010 433 4057 Gr.
453 4008 536 4073 Myro.
560 4004 675 4068 I,182).
711 4005 879 4068 Apollonium
907 4012 992 4052 autem
1019 4002 1066 4068 (01.
1086 4000 1246 4063 Gcrhard,
1272 4005 1290 4054 1.
1311 4004 1350 4066 0.)

58 4093 194 4158 Orpheum
211 4100 335 4155 tunquam
351 4092 481 4156 Apollinis
500 4091 624 4139 cultorem
649 4090 824 4153 descripsisse,
849 4103 882 4138 cx
905 4088 1028 4147 locisII,
1048 4092 1107 4147 685,
1127 4089 1261 4150 9283117,
1283 4092 1349 4138 1547

57 4195 111 4228 non
130 4180 193 4229 satis
212 4179 275 4226 mihi
292 4179 391 4227 videtur
409 4190 540 4240 apparere.
578 4173 629 4223 Sed
648 4174 743 4224 sufficit
759 4173 1017 4223 Pseudoerstothenis
1035 4175 1117 4222 locus.
1150 4173 1254 4223 Etenim
1272 4173 1351 4222 verbs

58 4261 120 4317 ὅθεν
138 4263 153 4315 ὁ
171 4257 289 4319 Διόνυσος
307 4258 431 4333 ὀργισθεὶς
449 4261 520 4330 terp
539 4258 640 4329 ἔπεμψε
658 4257 704 4315 τὰς
722 4255 892 4328 Βασσαρίδας,
914 4258 949 4315 ὥς
966 4274 1041 4330 φησιν
1059 4254 1189 4330 Αἰσχύλος
1207 4258 1220 4310 ὁ
1238 4257 1348 4328 ποιητής

59 4363 137 4413 supra
162 4347 298 4412 exscriptis
322 4347 457 4395 subiuncta
481 4347 542 4395 01110
561 4345 706 4404 ostendunt,
731 4344 784 4393 iam
800 4343 957 4408 Aeschylum
981 4345 1017 4394 111
1035 4345 1154 4395 sensisse.
1177 4371 1206 4380 -
1226 4341 1349 4393 Ceterum
1394 4372 1400 4387 .
