2986 4800
658 191 762 286 *57

97 414 219 456 nomen
240 402 311 480 ἱερὸς
331 401 417 478 λόγος,
439 394 527 475 quod
542 391 593 456 illi
614 392 676 456 soli
691 392 832 477 primum
854 399 925 456 erat
942 392 1088 470 carmini,
1111 402 1189 477 post
1204 416 1276 460 eam
1298 418 1386 459 com-

96 511 353 596 prehensionem
373 511 408 575 in
428 518 539 576 totum
561 535 678 596 corpus
699 519 930 597 propagatum,
955 513 1062 576 sedin
1083 536 1256 578 numerum
1276 516 1386 600 plura-

96 633 161 696 lem
188 638 256 719 ἱεροὶ
279 640 351 717 λόγοι
376 653 569 696 conversum
595 638 662 709 est,
695 631 771 715 quia
794 654 861 694 non
884 630 950 696 iam
974 640 1089 716 aptum
1117 633 1294 698 videbatur
1317 643 1387 699 tam

96 753 199 835 longo
217 757 252 814 et
267 751 302 813 in
317 758 371 814 tot
386 751 579 834 rhapsodias
596 751 727 835 digesto
744 751 844 835 operi.
871 751 970 815 Quod
980 751 1007 815 si
1023 751 1071 817 ita
1081 759 1142 831 est,
1159 753 1257 817 facile
1268 754 1387 818 Suidas

96 870 259 955 Epigonis
275 871 316 934 de
333 871 404 934 solo
421 878 532 936 vetere
551 878 615 960 ἱερῷ
631 881 702 958 λόγῳ
723 870 881 935 iudicium
896 872 938 935 ad
958 879 1049 936 totas
1065 872 1257 956 rhapsodias
1278 880 1386 937 trans-

96 990 181 1055 ferre
213 990 356 1074 potuit.¹
402 991 520 1074 Itaque
546 991 727 1075 Cercopem
755 994 1005 1075 Pythagoreum
1035 1000 1182 1056 veterem
1207 992 1387 1077 Orphicam

97 1109 326 1194 Theogoniam
342 1111 523 1194 scripsisse,
540 1111 633 1174 nullo
650 1118 799 1175 veterum
815 1118 986 1174 auctorum
1001 1111 1194 1176 testimonio
1212 1112 1386 1177 evincitur.

96 1230 216 1314 Neque
231 1251 284 1294 res
300 1231 404 1294 ullam
418 1251 478 1314 per
493 1252 528 1294 11
543 1230 789 1314 probabilitatis
805 1230 949 1314 speciem
964 1232 1077 1294 habet.
1110 1230 1244 1296 Etenim
1261 1232 1387 1316 Pytha-

98 1350 206 1434 gorei,
238 1349 295 1432 qui
319 1349 602 1415 Pisistratidarum
632 1349 836 1435 temporibus
861 1349 1005 1413 Athenis
1034 1349 1197 1432 Orphieos
1228 1352 1386 1433 agebant,

98 1491 212 1534 omnes
237 1468 303 1533 iam
327 1469 449 1534 imbuti
472 1478 566 1534 erant
588 1469 656 1533 illis
682 1468 831 1554 mysticis
856 1467 1082 1552 opinionibus,
1111 1491 1193 1553 quae
1220 1491 1261 1532 ex
1284 1470 1385 1533 sacris

100 1588 251 1653 Bachiois
273 1590 315 1653 ad
335 1587 485 1652 initiatos
508 1590 730 1653 1111111111111.1
767 1589 852 1652 Cum
872 1588 976 1672 igitur
991 1611 1090 1673 supra
1110 1589 1386 1653 demonstraveri-

98 1732 182 1786 11111,
199 1710 361 1792 Zagreum
384 1707 417 1772 in
433 1708 626 1792 Theogonia
647 1709 758 1773 sedem
779 1732 846 1773 non
867 1708 1033 1786 habuisse,
1056 1731 1123 1772 non
1142 1709 1299 1774 credibile
1322 1717 1385 1787 est,

97 1850 169 1894 eam
179 1830 222 1892 ab
239 1828 349 1911 aliquo
359 1830 572 1913 Pythagoreo
590 1829 767 1892 confictam
783 1850 866 1893 esse.
891 1831 1065 1892 Postremo
1076 1822 1270 1893 Aristotelis
1285 1829 1388 1893 verba

96 1951 124 2034 t.
148 1951 168 2013 3
193 1955 229 2011 et
253 1950 269 2012 7
292 1948 462 2031 proposita
483 1948 670 2011 luculenter
690 1948 840 2012 evincere
862 1947 944 2011 mihi
968 1947 1137 2027 videntur,
1160 1949 1387 2032 Theogoniam

94 2067 280 2153 Orphioam
300 2088 406 2151 neque
429 2091 448 2130 a
468 2067 558 2151 puris
580 2067 670 2150 putis
690 2066 897 2150 philosophis
913 2089 1020 2149 neque
1042 2068 1082 2130 ab
1102 2067 1169 2130 illis
1191 2070 1387 2157 psprypeeorgff

94 2210 179 2271 quos
202 2194 302 2251 vocat
323 2186 537 2267 Aristoteles,
560 2186 728 2270 scriptam,
755 2186 813 2250 sed
834 2209 853 2250 a
874 2186 1016 2269 quodam
1036 2195 1137 2270 poeta
1158 2186 1386 2251 vetustissimo

93 2316 129 2372 11
153 2307 190 2371 in
211 2305 335 2370 fabulis
360 2307 495 2370 deorum
518 2305 705 2371 enarrandis
730 2307 771 2369 ab
792 2305 930 2370 Homeri
954 2313 989 2370 et
1009 2305 1148 2370 Hesiodi
1171 2304 1386 2389 simplicitate

91 2448 201 2512 paene
222 2426 306 2490 nihil
331 2426 500 2490 recedenti
522 2427 739 2510 compositam
765 2447 848 2490 esse.
895 2426 1047 2490 Quacum
1071 2425 1238 2490 sententia
1262 2425 1387 2509 optime

93 2553 299 2630 congruunt,
322 2568 405 2628 quae
430 2548 547 2629 supra⁴
572 2546 613 2609 de
632 2553 706 2610 toto
726 2567 906 2629 progressu
925 2552 960 2610 11
982 2545 1095 2610 ordine
1117 2547 1215 2629 hujus
1232 2545 1386 2610 carminis

93 2665 284 2730 Hesiodeae
306 2664 517 2749 Theogoniae
540 2665 707 2729 simillimo
730 2665 826 2729 etde
849 2663 1134 2760 singulisfabulis
1155 2663 1249 2730 ineo
1271 2665 1386 2729 relatis

93 2785 252 2850 diximus.
290 2786 438 2849 Phanote
456 2784 543 2848 enim
564 2790 599 2848 11
613 2785 739 2867 Zagreo
755 2782 918 2867 ademptis
936 2804 1040 2866 paene
1056 2782 1140 2846 nihil
1156 2791 1272 2863 restat,
1297 2785 1386 2866 quod

94 2905 242 2976 alienum
259 2903 303 2967 sit
319 2928 338 2969 1
357 2904 534 2968 veterrima
550 2904 751 2968 Graecorum
766 2903 988 2986 mythologie,
1012 2902 1118 2985 qualis
1135 2902 1312 2986 conspicua
1332 2910 1386 2966 est

93 3022 255 3102 inlliade,
268 3024 430 3124 Odyssea,
442 3023 556 3107 primis
563 3023 695 3108 hymnis
701 3021 897 3099 Homericis,
910 3021 1052 3087 Hesiodi
1060 3021 1269 3101 carminibus,
1281 3023 1383 3106 quod-

94 3166 158 3228 que
175 3140 370 3207 recentioris
386 3142 505 3207 aetatis
522 3145 666 3207 colorem
682 3149 716 3206 et
732 3140 842 3205 studia
856 3141 998 3241 prodat.¹
1042 3148 1048 3157 '

165 3417 176 3449 ¹
195 3418 289 3470 Surdas
309 3417 390 3490 ἱεροὺς
406 3417 498 3488 λόγους
520 3421 603 3483 primo
626 3419 685 3469 loeo
703 3419 853 3495 Theogneto
871 3419 997 3469 Thessalo
1022 3418 1086 3484 (nou
1103 3420 1242 3485 Diogneto,
1262 3420 1387 3471 111611-

91 3506 186 3568 hard,
208 3507 227 3556 l.
247 3524 270 3556 1.
290 3507 325 3556 N.
347 3509 393 3556 167
414 3505 526 3570 scripsit)
545 3505 641 3554 tribuit.
680 3505 707 3555 si
725 3504 978 3571 postea.Cercopem
999 3495 1390 3576 111111111111111111111111,’
1432 3553 1434 3557 ,
1485 3539 1489 3545 -

93 3591 207 3655 quodie
231 3590 760 3665 1111μί81111111111111111111111τοῦ
786 3589 852 3659 ἱεροῦ
871 3589 948 3659 λόγου
975 3592 992 3639 i.
1013 3591 1221 3652 1.Ρ11111ο1]ἰ11,
1246 3598 1384 3654 quactum

92 3683 224 3741 parserat
239 3664 318 3725 titius
331 3673 444 3740 Orphioi'
456 3677 580 3740 corporis,
599 3677 707 3757 fortasse
720 3676 850 3741 quispiam
868 3677 946 3738 dicat,
968 3676 1147 3741 Theognctum
1159 3676 1300 3725 adhibitum
1317 3689 1386 3737 esse,
1453 3675 1456 3681 '

94 3762 157 3825 quia
177 3776 193 3809 1
211 3762 342 3811 nonnullis
360 3762 572 3812 auctor-alterius
589 3762 669 3825 partis
686 3762 704 3810 i.
719 3776 741 3810 1.
760 3762 929 3825 Theogoniae
948 3761 1049 3810 habitus
1068 3762 1110 3812 sit.
1147 3759 1198 3809 Sed
1217 3760 1275 3823 quis
1292 3768 1386 3824 poetae
1480 3780 1482 3784 ’

93 3844 207 3897 Comico
225 3846 319 3910 (Febr.
339 3843 379 3907 ΙΙ,
399 3847 459 3911 500)
478 3847 545 3896 serio
562 3847 589 3895 id
607 3861 710 3896 carmen
728 3847 922 3897 celeberrimum
943 3854 968 3897 11
985 3846 1148 3896 veterrimum
1165 3846 1352 3909 assignaverit?

151 3928 392 3991 1111111111.
413 3950 435 3981 c.
455 3933 489 3983 Ν.
512 3936 568 3991 111,
590 3936 647 3992 111,
669 3937 727 3980 ne.

166 4012 177 4044 ³
195 4017 260 4066 Met.
271 4035 301 4082 p.
318 4021 380 4065 1091
396 4018 421 4066 b:
441 4013 466 4067 οἵ
484 4033 512 4085 γε
532 4015 682 4086 μεμιγμένοι
700 4014 784 4070 αὐτῶν
796 4017 841 4068 nol
853 4021 890 4087 τῷ
909 4015 946 4084 μὴ
967 4013 1083 4083 μυθικῶς
1101 4012 1202 4067 ἅπαντα
1219 4015 1385 4090 leprasque

94 4099 250 4173 Φερεκύδης
273 4101 319 4153 καὶ
343 4099 425 4173 ἕτεροί
448 4119 521 4161 τινες,
544 4101 573 4154 τὸ
591 4107 713 4172 γεννῆσαν
736 4111 836 4175 πρῶτον
852 4098 954 4172 ,ἄριστον
972 4098 1079 4152 τιθέασι.
1097 4129 1132 4139 -
1151 4101 1273 4152 Ceterum
1291 4118 1324 4152 ex
1343 4118 1382 4163 ea,

94 4203 174 4252 quam
192 4188 219 4236 in
238 4195 310 4237 textu
328 4189 446 4252 apposui,
466 4203 544 4237 111111
561 4188 725 4238 manifestum
736 4195 842 4248 ,est-ne
860 4188 891 4236 de
905 4185 1010 4250 Orpheo
1029 4187 1133 4250 quidem
1145 4186 1296 4238 Crotoniata
1314 4189 1385 4251 cogi·

93 4275 204 4322 tandum
223 4288 289 4334 esse,
309 4275 353 4337 qui
371 4289 423 4324 non
440 4275 524 4324 minus
543 4288 620 4336 quam
638 4272 751 4339 Cercops
769 4272 954 4337 Pythagoricae
975 4280 1061 4322 sectae
1078 4274 1195 4323 addictus
1212 4273 1297 4323 fuerit.

165 4355 177 4385 ⁴
196 4359 219 4422 g.
240 4363 265 4408 2.
