2986 4800
724 205 765 267 97

98 406 223 490 goniae
245 405 412 489 principiis
434 428 566 489 prorsus
587 405 724 470 libidine
746 429 828 490 quae
854 406 917 470 sibi
940 408 1111 489 placerent
1135 409 1290 492 eligeret,
1313 431 1389 473 con·

100 532 266 602 necteret,
281 526 485 608 expingeret.
511 526 629 609 ltaque
646 526 728 590 satis
741 549 812 590 esse
826 527 868 590 ad
880 527 1173 593 demonstrandam
1184 528 1389 593 Phoeniceac

106 656 136 709 et
158 644 376 708 Hellaniccae
401 645 632 729 cosmogoniae
653 646 884 729 cognationem
907 645 1075 724 existimo,
1099 647 1127 710 si
1146 655 1181 711 et
1202 648 1388 712 universum

105 764 278 847 utriusque
294 765 468 827 decursum
484 764 617 828 omnino
635 788 747 850 parem
764 766 864 829 fuisse
881 772 916 829 et
931 788 985 844 ea,
1008 789 1091 848 quae
1106 790 1126 831 a
1144 767 1232 831 notia
1248 767 1390 832 Phoeni·

106 908 180 948 cum
195 883 403 968 genealogiis
419 885 506 966 apud
522 884 693 968 Orpheum
708 886 924 963 abhorreant,
947 886 1159 950 nihilominus
1179 910 1253 951 cum
1272 888 1390 951 ceteris

106 1007 204 1089 hujus
226 1003 339 1087 gentis
361 1003 651 1087 superstitionibus
672 1003 796 1088 optime
818 1005 991 1069 convenire
1012 1006 1270 1089 probaverimus.
1307 1005 1390 1069 Quis

107 1133 216 1189 autem
231 1130 345 1206 neget,
360 1131 469 1187 totum
486 1134 627 1187 stemma
641 1123 817 1201 Hellanici,
835 1125 921 1207 quod
939 1146 1025 1189 nunc
1041 1126 1221 1209 amputatis
1238 1127 1390 1190 omnihus
1456 1182 1466 1199 ,

109 1242 300 1307 adulterinis
316 1242 455 1307 surculis
470 1245 560 1306 hunc
575 1243 609 1308 in
625 1244 759 1307 modum
775 1243 819 1306 sit
835 1244 1104 1308 describendum:

523 1373 625 1451 Χρόνος
640 1373 756 1450 ἀγήραος
835 1371 924 1451 Αἰθήρ
1005 1374 1080 1441 Χάος

491 1367 658 1570 inpane<

590 1722 651 1810 Ὠον

338 2054 455 2132 Οὐρανός
623 2084 627 2167 p
794 2056 816 2115 Γ
816 2064 834 2134 ἤ

491 2183 509 2480 ξ
525 2176 695 2256 Πρωτόγονος

524 2296 590 2370 Πάν,
609 2297 702 2375 Φάνης

519 2413 693 2496 Ἠρικεπαῖος
1351 2486 1354 2491 ,

106 2552 208 2612 paene
229 2528 380 2593 omnibus
402 2527 545 2593 numeris
562 2549 636 2589 oum
653 2529 971 2607 Sanchuniathonis,
995 2528 1150 2606 Eudemi,
1174 2527 1289 2590 Moohi
1304 2528 1390 2590 rela-

108 2649 252 2714 tionibus
275 2649 475 2732 congruere?
520 2647 648 2727 Deinde
670 2648 698 2710 si
719 2671 777 2731 pro
799 2657 890 2739 χρόνῳ
911 2648 1058 2730 vulgaris
1074 2648 1155 2711 deus
1177 2658 1247 2710 erat
1268 2646 1391 2710 substi-

106 2770 261 2847 tuendus,
280 2769 351 2853 quis
368 2791 408 2832 ex
424 2775 535 2832 mente
545 2767 749 2831 Phoenicum
764 2767 872 2850 aptior
887 2767 990 2831 videri
1005 2766 1116 2852 potuit
1126 2789 1223 2849 quam
1232 2766 1393 2830 Hercules

106 2888 236 2974 Tyrius,
253 2888 438 2952 indefessus
455 2887 583 2953 zodiaci
598 2889 802 2972 permeator?
828 2887 970 2952 Videtur
985 2894 1097 2951 autem
1112 2887 1273 2950 Hercules
1289 2886 1393 2948 solam

104 3007 266 3091 temporis
283 3008 409 3072 aeterni
417 3008 588 3072 notionem
604 3007 769 3092 accepisse
786 3029 891 3090 neque
903 3029 974 3069 eam
990 3007 1099 3084 simul,
1118 3029 1213 3090 quam
1224 3012 1395 3090 praetcrea

106 3129 213 3205 Aeon,
232 3129 327 3211 cujus
343 3129 451 3191 locum
469 3134 573 3205 tenet,
591 3135 710 3191 natura
726 3149 784 3189 sua
801 3126 1005 3190 continebat.
1030 3127 1108 3189 Non
1124 3125 1211 3189 enim
1220 3123 1392 3204 Hercules,

104 3249 163 3312 sed
178 3248 311 3310 Phanes
333 3254 384 3311 est
399 3247 504 3310 totius
521 3246 634 3310 mundi
655 3252 689 3309 et
705 3246 856 3335 conditor
872 3254 906 3310 et
921 3249 1149 3331 archetypum.
1198 3244 1393 3330 Cujusmodi

102 3366 304 3451 permutatio
320 3373 391 3430 tum
408 3366 504 3430 facile
520 3365 631 3451 potuit
648 3365 795 3445 evenire,
819 3373 996 3450 postquam
1012 3365 1194 3430 Phoenices
1210 3388 1278 3450 non
1294 3372 1391 3428 natu·

102 3487 206 3551 ralcm
224 3485 339 3566 solem,
356 3487 415 3551 sed
430 3486 608 3572 mysticum
618 3487 781 3569 quendam
797 3486 881 3551 lucis
892 3487 1052 3550 daemona
1068 3509 1109 3550 ex
1120 3487 1192 3549 Ovo
1203 3484 1390 3570 prorupisse

103 3606 212 3670 dicere
234 3579 487 3670 consueverunt.
533 3605 676 3670 Nomina
700 3613 810 3670 autem
833 3606 992 3671 Phanotis
1013 3629 1125 3669 rursus
1148 3629 1220 3668 cum
1244 3607 1392 3669 Sanchu-

103 3724 272 3788 niathonis
293 3727 543 3790 nomenclatura
563 3732 596 3789 et
616 3747 690 3788 cum
711 3726 844 3809 linguae
860 3727 1046 3790 Phoenicae
1067 3725 1198 3809 legibus
1220 3732 1295 3809 apte
1314 3747 1390 3789 con-

102 3844 252 3909 veniunt.
293 3851 467 3933 Πρωτόγονον
482 3845 570 3910 enim
585 3845 709 3909 Aeonis
725 3846 860 3910 fratrem
877 3869 896 3909 a
912 3846 1203 3910 Sanchuniathone
1221 3845 1390 3930 appellari,

102 3965 171 4028 iam
196 3987 294 4050 supra
319 3964 445 4028 dictum
471 3973 533 4031 est.
588 3965 760 4049 Ericapaei
784 3988 904 4030 nomen
928 3973 1038 4029 autem
1063 3965 1180 4029 melius
1206 3987 1246 4029 cx
1270 3965 1394 4050 linguis

105 4082 275 4148 Semitiois
292 4108 389 4168 quam
402 4085 628 4171 Aegyptiaca¹
647 4085 904 4170 derivariposse,
921 4085 1003 4149 mihi
1017 4107 1210 4169 persuasum
1226 4093 1288 4150 est.
1315 4086 1394 4150 Ete·
1468 4156 1475 4167 ⁸

173 4289 289 4357 ¹Zoega
313 4295 454 4358 (Abtandl.
470 4312 500 4360 p.
521 4293 583 4356 261)
608 4293 657 4343 hoc
682 4308 775 4343 nomen
799 4293 896 4342 derivat
918 4309 933 4342 a
954 4293 1083 4342 radicibus
1106 4294 1273 4358 Aegyptiacis
1297 4293 1345 4364 εἰρι
1368 4301 1394 4343 et

101 4377 170 4448 κηβ,
195 4377 233 4426 ita
249 4385 278 4427 nt
294 4379 451 4443 Ericapacus
470 4379 516 4439 sit,
541 4381 606 4439 „der
628 4380 865 4446 Vervielsc'iltiyer“.
906 4379 946 4427 Ita
968 4380 1037 4428 enim
1059 4379 1181 4443 Priapum
1202 4379 1234 4428 ab
1251 4379 1386 4443 Aegyptiis

1161 4465 1177 4498 η
