2986 4800
728 155 768 214 86

662 241 833 250 ..-—--—

103 359 188 420 hanc
203 356 350 421 fabulam
367 357 508 441 primum
523 357 564 419 ab
576 355 791 420 Onomacrito
807 356 842 418 in
857 345 985 431 Τελεταῐς
1000 357 1206 441 propositum
1222 379 1307 436 esse,
1325 380 1393 419 non

104 475 279 540 verisimile
302 484 369 554 est,
397 499 469 539 eam
488 499 552 540 non
575 475 622 538 ita
643 477 748 539 multo
771 482 848 558 post
873 476 914 540 ab
935 476 1108 540 Hellanieo
1130 477 1330 559 exscriptam
1358 485 1393 540 et

104 619 162 659 suo
181 595 315 659 carmini
333 597 491 660 insertam
507 618 589 660 esse.
636 595 764 659 Deinde
780 595 939 658 Phanetis
956 596 1124 680 cataposin
1143 620 1209 659 non
1223 596 1334 659 minus
1351 598 1393 660 ab

104 718 321 798 Athenagora
332 719 464 800 Orpheo
482 739 541 779 suo
557 715 718 779 tributam
731 714 846 797 quinto
863 716 995 778 saeculo
1011 715 1162 798 ignotam
1178 715 1293 793 luisse,
1311 717 1393 779 mihi

104 858 144 898 ex
165 835 205 897 iis
223 859 305 919 quac
322 837 437 918 supra¹
460 835 627 920 disputavi
650 835 730 898 satis
747 835 960 898 manifestum
976 835 1117 898 videtur.
1164 836 1284 918 Itaque
1308 836 1393 900 alius

104 955 297 1018 Hellanicus
314 957 528 1020 arcessendus
545 962 607 1018 est.
654 956 699 1017 Et
715 955 856 1018 fortasse
872 955 1099 1018 Lobeckius
1115 956 1262 1039 proxime
1280 979 1299 1019 a
1315 979 1391 1019 vero

105 1075 247 1152 aberrat,
266 1074 378 1157 quide
395 1075 570 1138 Hellanico
587 1074 750 1139 Sandonis
766 1073 956 1159 philosophi
971 1082 1076 1159 patre,
1100 1097 1195 1158 quern
1214 1097 1255 1138 ex
1270 1075 1392 1140 Suidae

105 1192 395 1258 adnotationibus²
417 1195 592 1272 excitavit,
617 1194 832 1277 cogitandum
848 1216 920 1258 esse
937 1194 1018 1259 satis
1041 1203 1153 1278 aperte
1173 1205 1312 1259 annuat.
1359 1196 1391 1260 Si

105 1313 191 1375 enim
206 1320 301 1396 pater
317 1315 497 1398 Orphicam
507 1313 733 1397 Theogoniam
749 1314 892 1398 scripsit,
910 1313 988 1398 quid
1005 1314 1133 1392 mirum,
1152 1316 1179 1376 si
1198 1315 1288 1378 filius
1306 1338 1391 1378 eom·

104 1433 326 1496 mentationes
351 1434 494 1517 adjecit?
538 1435 656 1517 Neque
682 1434 837 1516 despero,
863 1434 934 1496 fieri
958 1456 1070 1517 posse,
1097 1441 1135 1496 ut
1158 1435 1286 1517 aliquid
1311 1435 1390 1498 lucis

105 1550 201 1615 istius
217 1554 384 1617 Hellanici
404 1553 523 1637 origini
544 1555 772 1636 adspargatur.
819 1553 952 1617 Sandon
975 1554 1060 1617 enim
1082 1553 1162 1617 mihi
1183 1555 1317 1618 videtur
1336 1555 1388 1618 ille

105 1681 199 1756 pater
218 1673 319 1737 fuisse
341 1674 538 1756 Apollodori
559 1673 678 1752 Stoici,
702 1673 757 1757 qui
777 1674 838 1736 sub
857 1673 996 1736 Caesare
1019 1682 1053 1736 et
1074 1677 1227 1757 Angusto
1249 1675 1385 1739 floruit.³

104 1793 328 1876 Apollodorus
345 1801 467 1872 autem,
488 1793 580 1856 Tarsi
596 1801 705 1870 natus,
723 1793 807 1856 vixit
823 1816 925 1856 annos
943 1793 1115 1877 octaginta
1131 1795 1225 1858 duos.
1274 1796 1385 1878 Itaque

104 1913 237 1976 Sandon
262 1915 323 1976 sub
349 1937 470 1977 aunum
492 1912 773 1997 septuagesimum
795 1912 887 1976 Tarsi
912 1912 1012 1976 fuerit
1037 1935 1170 1978 necesse
1196 1922 1260 1978 est.
1309 1916 1382 1977 Cum

103 2055 179 2096 vero
204 2032 292 2097 idem
315 2034 495 2098 secundum
519 2033 652 2096 Snidam
673 2032 891 2118 philosophus
918 2040 1022 2111 esset,
1049 2033 1119 2097 sine
1144 2033 1245 2098 dubio
1271 2034 1306 2097 in
1329 2037 1382 2105 hac

66 2234 68 2238 Α
102 2154 182 2216 urbe
204 2153 390 2217 litterarum
415 2153 533 2217 studiis
559 2152 817 2236 praeclarissima
839 2153 988 2217 scholam
1008 2153 1136 2218 habuit.
1184 2155 1257 2217 Nec
1279 2162 1381 2219 tamen

102 2273 171 2358 ipse
195 2275 287 2337 Tarsi
317 2281 415 2338 natus
446 2281 532 2352 erat,
565 2274 624 2337 sed
654 2295 694 2336 ex
718 2272 891 2336 Strabonis
915 2274 1023 2336 verbis
1048 2287 1096 2343 τοῦ
1120 2283 1266 2357 Σάνδωνος,
1296 2285 1324 2344 ὃν
1345 2284 1381 2342 καὶ

102 2401 251 2479 Katadrai
279 2402 356 2480 φασὶν
386 2403 437 2462 ἀπὸ
461 2404 556 2482 κώμης
584 2397 652 2468 τινός
676 2392 849 2470 discimus,
881 2415 955 2456 eum
983 2415 1024 2456 ex
1048 2393 1119 2456 vico
1146 2395 1305 2476 quodam,
1336 2392 1379 2457 cui

103 2534 223 2576 nomen
253 2521 324 2576 erat
353 2514 471 2577 Kanan
500 2514 554 2577 vel
582 2514 693 2591 Kana,
726 2520 835 2576 ortum
865 2512 978 2576 fuisse.
1033 2514 1207 2596 Ejusmodi
1234 2513 1325 2578 vicus
1351 2514 1378 2576 in

104 2631 281 2697 Phoenicia
302 2634 355 2697 vel
375 2634 410 2696 in
429 2634 519 2699 tribu
540 2632 771 2697 Asseridarum
791 2654 892 2716 prope
914 2633 1069 2696 Sidonem
1092 2633 1175 2696 situs
1197 2637 1299 2697 erat⁴
1342 2634 1378 2697 Et

102 2752 302 2817 Phoenicem
318 2754 505 2820 Sandonem
522 2753 639 2832 fuisse,
662 2753 801 2816 fortasse
822 2753 922 2816 etiam
944 2776 984 2816 ex
1003 2752 1133 2816 nomine
1151 2754 1375 2838 colligendum.

103 2871 177 2937 Etsi
199 2872 283 2937 euim
307 2875 440 2940 Sandon
461 2875 541 2937 deus
563 2872 721 2959 imprimis
743 2872 778 2937 in
799 2872 921 2958 Lydia,
945 2871 1076 2951 Cilicia,
1100 2873 1239 2957 Assyria
1260 2874 1376 2940 coleba-

172 3135 221 3201 ¹l⁴
242 3144 265 3186 ⁶·
351 3199 354 3202 ,

157 3210 229 3273 IS.
248 3242 272 3274 o.
293 3220 409 3275 Σάνδων·
432 3219 595 3282 Ἑλλανίκου,
619 3221 754 3294 φιλόσοφος
773 3221 884 3294 ἔγραψεν
903 3220 1034 3279 ὑποθέσεις
1058 3224 1094 3280 εἰς
1109 3218 1222 3294 Ὀρφέα,
1250 3221 1342 3293 βιβλίον
1356 3220 1375 3272 ά.

104 3308 145 3358 cf.
164 3311 226 3373 Aac.
243 3328 272 3373 p.
293 3311 352 3368 337,
372 3315 430 3358 340.
655 3377 657 3380 Ι
1239 3367 1241 3371 7

172 3391 295 3445 ³Strcbo
313 3395 387 3444 XIV
400 3413 430 3459 p.
450 3397 500 3446 674
520 3396 629 3445 Maian.
649 3397 766 3445 Macroh.
787 3397 881 3457 21(Τ.
906 3396 985 3454 VIII,
1005 3399 1054 3445 120
1078 3398 1117 3446 ed.
1138 3397 1294 3459 Lehmann),
1315 3397 1375 3446 Par.

102 3483 229 3532 Publicol.
251 3482 292 3533 17.
1168 3536 1172 3540 ,
1310 3541 1313 3547 ,

91 3624 94 3626 ,
171 3563 182 3594 ⁴
199 3569 281 3617 Josaa
302 3573 341 3627 19,
361 3571 402 3615 28.
440 3564 559 3615 Ceterum
579 3568 601 3615 ie
619 3567 703 3628 vicus,
724 3583 801 3630 quem
819 3568 965 3630 intelligunt
982 3568 1017 3615 ibi
1035 3568 1255 3632 interpretatores,
1274 3568 1378 3633 proprior

102 3653 152 3701 fuit
169 3653 266 3715 Tyrum
285 3668 362 3716 quarn
382 3651 514 3701 Sidonem.
553 3651 604 3701 Sed
624 3651 703 3701 Sidon
722 3653 846 3701 Israelitis
869 3652 896 3701 in
915 3651 1112 3703 Cananaeorum
1136 3653 1377 3707 terraminvadcnti-

103 3739 150 3786 bus
162 3740 243 3787 multo
256 3748 310 3788 erat
322 3739 467 3802 opulentior
479 3739 557 3802 Tyro,
577 3739 613 3787 ita
629 3747 655 3787 ut
672 3739 774 3788 facilius
786 3740 854 3788 illius
868 3755 961 3788 nornen
974 3754 1050 3802 quarn
1063 3740 1139 3802 hujus
1152 3741 1276 3790 scribenti
1289 3753 1378 3792 succur-

104 3832 177 3872 reret.
214 3823 270 3872 Nisi
297 3833 383 3873 autem
408 3823 500 3873 Strabo
528 3824 644 3873 dissertis
672 3824 755 3873 verbis
781 3823 928 3873 Sandonem
953 3823 1095 3874 Oananitae
1122 3840 1216 3874 nomen
1243 3828 1276 3875 ab
1303 3827 1378 3887 aliquo

104 3909 172 3957 vieo
191 3911 300 3959 traxisse
319 3911 425 3972 diceret,
449 3912 558 3960 fortasse
577 3905 725 3979 Κανανίτης
743 3910 896 3959 Cananaeus
915 3910 954 3959 vel
972 3911 1125 3960 Phoenicius
1143 3914 1295 3961 vertendum
1312 3917 1378 3961 esset

105 3990 267 4055 Quamquam
293 3996 461 4059 Septuaginta
487 3997 586 4060 aliique
611 3997 748 4060 scriptores
776 4011 888 4059 semper,
918 3998 985 4058 quod
1012 3997 1105 4057 sciam,
1130 3994 1238 4048 Χαναάν
1266 3999 1379 4063 scribunt.

104 4081 208 4129 Praeter
225 4082 288 4130 illud
306 4092 391 4132 autem
408 4085 484 4133 Kana
503 4085 579 4134 etiam
598 4085 648 4133 duo
665 4085 694 4131 in
714 4083 830 4133 Galilaea
848 4084 937 4146 fuisse,
961 4092 1050 4131 notum
1069 4092 1108 4132 cst
1126 4084 1172 4148 (cs.
1192 4084 1301 4134 Winer
1316 4083 1378 4135 Bihl.

104 4167 288 4216 memorare.
305 4185 326 4217 e.
340 4186 375 4226 a,
393 4170 526 4218 Raumer
543 4172 690 4229 Palaistine,
705 4189 735 4236 p.
752 4171 820 4234 129).
859 4169 910 4219 Sed
929 4170 959 4219 de
977 4170 1017 4218 his
1036 4185 1087 4219 non
1107 4171 1208 4219 videtur
1226 4171 1380 4236 cogitandum

105 4267 170 4301 esse.
207 4252 238 4300 In
256 4251 343 4300 tabula
360 4252 533 4317 Palaestinae,
559 4272 575 4303 a
593 4271 615 4302 v.
637 4256 661 4303 d.
682 4255 779 4306 Velde
804 4256 953 4305 adumbrata
970 4263 1102 4321 praeterea
1120 4256 1319 4319 innumerabiles
1337 4252 1379 4303 vici

105 4346 229 4387 oecurunt
246 4338 351 4386 nomine
368 4338 444 4388 Khan
461 4341 584 4403 insigniti.
