2986 4800
772 199 814 260 43

136 397 182 460 tis
200 420 220 461 a
235 395 322 460 falso
338 396 538 476 Aristotele,
559 399 759 483 Porphyrio,
784 401 928 465 Stobaeo
945 402 1123 466 asservatis
1140 403 1351 486 conspicuam
1366 422 1433 470 non

136 515 315 580 convenire
332 537 407 579 cum
423 539 568 581 summae
590 518 800 600 antiquitatis
817 521 1067 585 consuetudine.
1114 523 1163 584 At
1179 521 1206 584 si
1221 545 1288 586 non
1307 545 1430 601 omnes,

135 634 245 719 sed-ii
270 642 402 699 tantum
426 635 516 698 illius
540 636 574 700 in
596 638 714 701 Jovem
735 637 932 722 doxologiae
956 661 1086 718 versus,
1113 662 1194 723 quos
1220 663 1260 705 ex
1285 642 1370 707 libro
1391 643 1432 706 de

135 755 267 818 Mundo
284 778 382 839 supra
398 755 566 841 exscripsi,
589 756 682 840 digni
697 757 893 837 habeantur,
917 758 973 842 qui
988 759 1092 823 veteri
1107 760 1318 843 Theogoniae
1334 761 1430 825 resti·

133 881 291 952 tuantur,
313 874 403 938 iniis
419 873 502 939 nihil
518 875 665 954 invenio,
688 877 775 959 quod
796 876 1114 942 aPisistratidarum
1129 879 1334 962 temporibus
1351 880 1430 944 alie·

134 1017 213 1056 num
237 993 293 1057 sit.
340 994 460 1078 Majori
480 995 566 1058 enim
588 995 730 1060 fortasse
753 996 834 1060 mihi
857 997 1032 1061 offensioni
1053 1006 1157 1075 esset,
1183 998 1211 1061 si
1234 998 1281 1063 ibi
1300 999 1430 1083 Jupiter

133 1113 262 1196 Apollo
282 1113 337 1176 vel
355 1114 441 1178 June
463 1115 703 1197 appellaretur,
727 1137 801 1180 cum
821 1116 983 1199 ejusmodi
1002 1117 1209 1181 theocrasiae
1230 1119 1427 1204 exemplum,
1457 1205 1459 1208 Α

132 1256 199 1316 qua
227 1232 375 1316 ipsorum
404 1233 540 1298 deorum
564 1233 815 1318 Olympicorum
843 1235 976 1299 nomina
1007 1235 1269 1315 confundantur,
1300 1239 1427 1301 nullum

132 1352 295 1430 noverim,
313 1354 401 1435 quod
416 1355 459 1418 ad
474 1353 550 1416 illos
566 1353 775 1436 antiquitatis
791 1375 940 1417 recessus
955 1375 1122 1439 reserpere
1139 1354 1300 1419 videatur.
1315 1359 1324 1390 ¹
1362 1357 1427 1420 Sed

133 1479 311 1555 postquam
331 1472 395 1535 iam
415 1472 492 1536 inde
514 1473 555 1536 ab
577 1473 720 1536 Homero
743 1472 862 1537 Graeci
882 1472 917 1535 in
937 1475 1054 1537 Jovern
1076 1495 1205 1537 omnem
1225 1474 1426 1557 reliquorum

137 1590 272 1653 deorum
290 1598 492 1674 potestatem
515 1599 549 1655 et
565 1593 706 1655 honores
722 1591 870 1684 conierre
889 1613 993 1675 eoque
1010 1593 1107 1656 modo
1123 1615 1189 1656 non
1204 1593 1311 1657 minus
1328 1616 1426 1676 quam

132 1710 409 1795 philosophorum
438 1710 726 1794 disquisitionibus
754 1712 795 1774 ad
825 1712 996 1796 cujusdam
1028 1712 1261 1776 monotheismi
1290 1711 1425 1796 fastigia

131 1828 216 1893 eniti
232 1838 489 1908 consueverunt,
514 1830 592 1913 quid
608 1830 743 1909 mirum,
766 1831 793 1893 si
813 1838 913 1915 poeta
928 1831 1193 1910 Anaximandro,
1215 1832 1423 1916 Xenophani,

128 1950 346 2033 Pythagorae
371 1950 516 2032 aequalis
537 1951 653 2013 Jovem
674 1971 786 2037 omnes
811 1950 844 2012 in
865 1972 901 2014 se
921 1972 1029 2015 rerum
1054 1952 1219 2015 elementa
1243 1975 1281 2015 ae
1301 1952 1423 2015 formas

127 2070 411 2152 comprehendere
435 2069 617 2152 splendidis
643 2068 710 2131 illis
736 2068 885 2132 versibus
905 2078 974 2143 Ζεὺς
995 2085 1101 2154 πρῶτος
1123 2080 1211 2155 γένετο
1232 2084 1289 2138 κτλ,
1315 2071 1423 2135 dicere

128 2210 225 2251 orsus
252 2190 324 2252 est?
368 2189 548 2272 Equidem,
575 2188 664 2271 quod
688 2187 729 2251 ad
753 2187 857 2270 ipsam
882 2210 951 2251 rem
976 2188 1112 2266 attinet,
1144 2212 1210 2252 non
1232 2189 1423 2272 negaverim

204 2478 213 2508 ¹
232 2480 420 2534 Lobeckius,
436 2482 523 2532 multis
541 2482 606 2531 loeis
625 2481 700 2546 (Api.
715 2499 746 2547 p.
766 2485 824 2542 440,
844 2484 990 2540 460-465,
1011 2485 1060 2529 614
1078 2482 1138 2532 6611.
1154 2500 1185 2548 p.
1204 2485 1264 2544 401,
1284 2487 1341 2544 538,
1363 2486 1421 2542 543,

133 2572 194 2626 545,
215 2567 278 2630 563)
298 2581 403 2630 operam
421 2569 472 2627 dat,
496 2575 526 2616 ut
543 2568 631 2630 aliqua
648 2567 808 2617 theocrasiae
828 2566 884 2629 jam
902 2567 1006 2615 saeculo
1025 2574 1098 2615 sexto
1116 2567 1247 2630 gliscentis
1265 2567 1361 2616 indicia
1379 2568 1422 2616 de·

132 2653 285 2715 prehendat
321 2651 395 2712 Quae
413 2662 499 2703 autem
516 2653 621 2717 profert,
647 2669 704 2702 rara
722 2662 781 2703 sunt
803 2662 880 2716 atque
898 2652 1021 2702 sublesta.
1057 2653 1172 2701 Primum
1190 2654 1365 2703 enimomnes
1383 2668 1422 2702 re·

135 2738 258 2800 pudiendi
286 2746 346 2788 sunt
371 2740 431 2802 loci,
459 2739 552 2802 quibus
577 2738 670 2788 Gracci
697 2753 758 2787 suos
785 2740 900 2801 ipsorum
927 2739 989 2787 deos
1016 2753 1075 2787 cum
1102 2746 1265 2787 externarum
1288 2740 1422 2787 nationum

134 2823 282 2873 numinibus
305 2824 383 2873 veluti
401 2823 518 2873 Artemin
543 2839 601 2873 cum
619 2824 735 2874 Bendide
759 2839 807 2874 nec
830 2838 882 2873 non
900 2823 1021 2872 Cererem
1044 2838 1102 2872 cum
1120 2824 1193 2873 Rhea
1217 2823 1263 2887 (61.
1282 2824 1422 2883 Preller,

136 2912 242 2961 011661.
262 2914 346 2978 Myris.
365 2913 389 2971 I,
409 2910 470 2974 512)
497 2912 673 2974 composuisse
696 2913 837 2960 traduntur.
875 2910 991 2970 Quorum
1018 2924 1085 2959 unus
1113 2909 1212 2958 ridetur
1234 2909 1364 2959 Plutarchi
1391 2909 1422 2957 de

132 2995 305 3061 Theopompo
328 2997 419 3046 relatio
443 2999 484 3046 De
508 2999 545 3048 Ia.
570 2974 679 3062 LXIX:
702 2994 761 3052 τοὺς
784 2995 845 3066 πρὸς
869 2994 977 3066 ἑσπέραν
999 2995 1130 3051 οἰκοῦντας
1160 2993 1254 3064 ἱστορεῖ
1273 2989 1422 3061 Θεόπομπος

131 3077 256 3149 ἡγεῖσθαι
284 3082 329 3133 aul
351 3081 444 3133 καλεῖν
466 3081 510 3134 τὸν
533 3082 581 3150 μὲν
603 3090 720 3154 χειμῶνα
745 3077 851 3152 Κρόνον,
877 3081 906 3132 τὸ
929 3080 958 3132 δὲ
983 3077 1058 3150 θέρος
1079 3075 1243 3151 Ἀφροδίτην,
1267 3076 1296 3128 τὸ
1322 3077 1351 3129 δὲ
1375 3075 1421 3149 ἔαρ

133 3161 313 3237 Περσεφόνην,
339 3169 380 3217 cui
402 3183 522 3231 magnam
544 3169 576 3216 ad
599 3183 672 3217 suam
694 3168 849 3217 sententiam
871 3165 1089 3229 comprobandam
1111 3167 1162 3214 vim
1183 3165 1268 3214 inesse
1291 3164 1339 3213 sibi
1357 3164 1421 3213 Lo·

131 3252 265 3302 beckius
283 3255 421 3316 persuadet
438 3255 500 3318 Apl.
517 3272 546 3318 p.
566 3258 616 3302 461
629 3270 667 3318 aq.
704 3251 806 3302 Deinde
824 3253 900 3301 etiam
918 3251 1130 3314 philosophorum
1149 3252 1241 3311 studia,
1267 3251 1310 3313 qui
1328 3251 1387 3300 inde
1406 3266 1422 3301 a

131 3339 283 3388 Metrodoro
303 3338 349 3401 (61.
368 3339 431 3405 Api.
442 3356 472 3404 p.
490 3343 537 3387 156
549 3340 600 3403 sq.)
621 3338 774 3401 allegoricae
792 3336 1009 3402 interpretationis
1028 3338 1124 3387 artibus
1143 3339 1249 3387 deorum
1266 3337 1372 3386 nomina
1389 3337 1422 3386 ad

129 3432 241 3473 naturae
259 3425 386 3474 elementa
403 3438 522 3473 revocare
545 3438 626 3486 esque
650 3425 816 3474 commiscere
840 3424 926 3472 conati
944 3430 1010 3486 sunt,
1034 3437 1086 3472 non
1110 3431 1169 3472 sunt
1189 3423 1239 3472 huc
1257 3423 1419 3472 arcessenda.

131 3509 161 3558 Id
181 3510 251 3558 enim
268 3524 337 3558 nune
361 3511 454 3574 agitur,
480 3524 541 3558 num
563 3509 725 3572 popularium
750 3509 884 3558 duodecim
904 3510 1009 3558 deorum
1033 3510 1138 3558 nomina
1156 3510 1207 3558 iam
1225 3509 1328 3558 saeculo
1347 3516 1420 3557 sexto

130 3609 147 3642 a
168 3595 254 3658 poetis
278 3602 434 3644 commutata
456 3602 481 3643 et
505 3593 613 3643 confusa
635 3594 693 3642 sint.
731 3593 845 3642 Primum
869 3594 995 3656 ejusmodi
1019 3608 1072 3644 non
1096 3594 1154 3643 dieo
1176 3595 1348 3653 theocrasiae,
1375 3593 1420 3642 aed

129 3680 355 3730 onomatocrasiae
375 3680 520 3744 exemplum
537 3681 652 3730 Platonis
670 3681 739 3742 quod
758 3681 839 3728 sciam
856 3680 930 3729 locus
948 3688 987 3730 est
1006 3682 1078 3731 Orat.
1093 3698 1124 3745 p.
1143 3685 1193 3729 405
1206 3681 1241 3737 D,
1260 3679 1304 3727 ubi
1321 3678 1420 3742 Apolli·

130 3779 192 3814 nem
211 3779 270 3813 cum
290 3764 351 3815 Sole
369 3781 385 3814 a
402 3767 531 3815 nonnullis
554 3773 726 3829 permutatum
749 3779 806 3814 esse
829 3766 929 3815 videtur
952 3766 1100 3829 significari.
1136 3763 1297 3826 Quamquam
1316 3778 1365 3828 ego
1383 3764 1419 3813 ibi

128 3851 216 3915 magis
238 3852 265 3899 in
283 3852 354 3900 sidus
378 3866 454 3915 quam
472 3852 498 3900 in
523 3853 599 3901 deum
618 3850 706 3901 Solem
728 3851 880 3901 allusionem
898 3851 983 3901 inesse
1001 3851 1126 3914 suspicor.
1162 3851 1253 3912 ltaque
1270 3865 1368 3912 vereor,
1387 3866 1419 3900 ne

129 3947 209 3987 notus
227 3938 271 3987 ille
289 3952 376 3986 versus
395 3936 522 4000 Orphicus

418 4019 456 4078 εἶς
474 4019 549 4082 Ζεὺς,
569 4019 607 4078 εἷς
622 4017 723 4092 Ἀΐδης,
744 4019 781 4079 εἷς
792 4016 893 4080 Ἥλιος,
914 4018 952 4077 εἷς
968 4014 1093 4079 Διόνυσος,

128 4107 207 4170 eujus
229 4107 312 4170 prima
333 4107 430 4157 mentio
453 4108 481 4156 iit
499 4123 515 4156 a
531 4109 635 4158 Justino
655 4108 729 4174 (Api.
745 4127 775 4175 p.
795 4115 846 4158 440
865 4114 891 4157 61
907 4105 1030 4171 edormi,
1057 4109 1117 4156 etii
1135 4108 1340 4172 Rhapsodiarum
1358 4109 1417 4167 loci,

129 4193 226 4256 quibus
251 4207 303 4241 non
326 4193 409 4242 solum
433 4191 556 4255 „Cereris
580 4208 674 4243 nomen
695 4209 755 4243 eum
772 4194 852 4254 Rhea,
879 4194 924 4241 sed
948 4193 1026 4241 etiam
1043 4193 1156 4242 Hecatae
1179 4209 1238 4243 cum
1256 4193 1417 4256 Proserpina,

130 4279 244 4342 Dionysi
263 4293 322 4327 cum
341 4276 401 4327 Sole
420 4279 641 4329 communicetur“
661 4281 737 4348 (Api.
748 4298 777 4346 ρ.
793 4278 864 4342 614),
884 4278 991 4341 abipso
1010 4276 1123 4342 Orpheo,
1142 4288 1218 4344 poeta
1235 4280 1417 4339 vetustissimo,

131 4379 185 4414 non
204 4365 238 4414 sit
256 4365 425 4428 conscriptus.
