2986 4800
725 181 764 240 10

102 383 169 446 illis
196 383 325 466 Cratyli
352 382 500 446 versibus
526 381 651 445 Oceani
680 392 821 468 κασιγνήτη
853 390 1001 467 ὁμομήτωρ
1031 386 1184 473 vocetur,
1218 380 1320 443 etiam
1345 381 1392 445 ibi

102 509 256 586 parentes
273 524 385 566 corum
401 507 580 586 ponuntur.
613 500 721 564 Ouid?
740 500 786 562 Et
800 498 1015 563 nihilominus
1030 498 1127 583 primi
1142 499 1392 563 matrimonium

102 621 266 685 inierunt?
298 622 417 684 Nonne
445 621 493 683 ita
521 626 653 702 praeter
683 618 871 703 opinionem
895 619 936 681 ad
960 618 1159 682 Lobeckii
1188 619 1391 683 sententiam

101 741 280 805 relabimur
299 740 384 803 illud
403 755 509 826 πρῶτος
528 745 593 826 ἦρξε
613 748 709 825 γάμοιο
728 737 962 820 intelligentia,
986 738 1079 820 quasi
1095 739 1248 801 Oceanus
1264 738 1390 822 primus

101 860 188 925 inter
209 861 357 923 fratres
381 879 518 921 uxorem
539 857 690 921 duxerit?
715 858 814 921 Ouod
836 858 864 920 si
888 857 1113 930 concedimus,
1140 864 1252 920 actum
1275 865 1329 921 est
1351 858 1390 921 de

103 979 316 1043 consensione
340 977 469 1061 Oratyli
491 978 531 1040 cd
553 977 694 1054 Timaei,
721 977 810 1059 quod
833 976 880 1039 ita
902 977 1055 1039 Oceanus
1080 999 1147 1040 non
1168 998 1305 1061 parens,
1333 988 1390 1041 sed

101 1097 205 1161 frater
220 1097 375 1160 Titanum
398 1096 548 1159 exsistet.
581 1097 647 1160 Sed
668 1097 837 1159 Oceanum
859 1095 960 1159 etiam
982 1095 1110 1179 Cratyli
1131 1097 1205 1159 loco
1228 1119 1248 1159 a
1270 1097 1389 1159 ceteris

103 1217 164 1279 diis
196 1215 363 1299 segregari
392 1223 550 1298 tanquam
582 1237 694 1279 eorum
723 1214 936 1299 principium,
969 1215 1151 1278 ostendunt
1180 1216 1283 1278 verba
1312 1215 1389 1278 illos

101 1357 215 1399 versus
238 1335 471 1398 antecedenffia*
491 1341 613 1422 Ὅμηρος
636 1342 760 1404 Ὠκεανόν
772 1367 804 1403 τε
818 1344 891 1404 θεῶν
910 1343 1009 1420 γένεσίν
1028 1367 1093 1422 φησι
1107 1343 1152 1402 καὶ
1167 1343 1273 1420 μητέρα
1289 1343 1389 1421 Τηθύν.

101 1456 189 1518 Nam
206 1456 376 1518 Socratem
398 1476 436 1517 eo
458 1456 604 1541 ,furoris
624 1454 754 1517 divinar
774 1453 985 1536 processisse,
1001 1460 1040 1516 ut
1055 1452 1208 1536 ingentes
1226 1453 1388 1537 etymolo-

101 1574 230 1657 giarum
252 1574 414 1656 ampullas
431 1572 634 1656 Hermogeni
654 1573 813 1657 projicere
834 1595 902 1636 non
923 1572 1003 1635 satis
1024 1572 1190 1651 habuerit,
1212 1572 1388 1636 sedetiam

102 1693 388 1756 demonstraturus
414 1713 527 1754 omnes
551 1692 665 1773 utique
689 1713 741 1754 res
767 1713 808 1755 ex
831 1699 925 1754 motu
948 1691 1061 1755 nasci²
1085 1692 1134 1754 ita
1159 1698 1254 1754 extra
1278 1691 1388 1755 licitos

103 1810 238 1885 citandi¹
255 1810 414 1873 terminos
444 1817 586 1892 vagatus
616 1810 677 1889 sit,
708 1817 747 1874 nt
779 1812 948 1893 Orpheum
978 1811 1019 1874 de
1050 1811 1231 1894 cujuslibet
1262 1810 1387 1874 Titanis

101 1929 226 2012 nuptiis
242 1931 343 1993 verba
363 1928 541 1992 facientem
560 1951 627 1992 non
647 1929 753 1992 minus
770 1953 868 2013 quam
885 1930 1088 2002 Homerum,²
1109 1929 1297 1993 sententiae
1313 1951 1388 1992 suae

102 2048 225 2112 acciret
250 2055 430 2127 auctorem,
456 2051 538 2112 haec
563 2048 696 2131 inquam
721 2049 777 2112 vix
801 2050 979 2127 crederem,
1006 2049 1069 2112 nisi
1093 2050 1195 2113 verba
1216 2049 1390 2132 sequentia

100 2175 174 2254 οἶμαι
194 2179 225 2238 δὲ
244 2178 289 2237 καὶ
313 2174 438 2244 Ἡσίοδος
456 2191 568 2231 rursus
591 2168 834 2233 dubitationem
854 2168 1041 2252 injicerent.
1078 2168 1146 2232 Ubi
1168 2168 1256 2231 enim
1272 2169 1388 2232 Hesio-

101 2287 163 2349 dus
185 2287 305 2350 similia
326 2295 426 2370 atque
441 2287 606 2350 Homerus
628 2289 668 2352 de
685 2290 818 2351 Oceano
840 2289 971 2353 narrat?
994 2289 1059 2352 Sed
1081 2288 1223 2352 fortasse
1244 2288 1282 2351 in
1295 2295 1390 2351 tanta

103 2405 233 2489 Oratyli
248 2407 435 2490 corruptela
455 2407 514 2469 illa
529 2408 630 2470 verba
650 2409 818 2490 glossema
834 2408 952 2471 ducere
969 2406 1059 2471 licet.
1092 2407 1165 2470 Hoc
1182 2414 1296 2470 antem
1312 2408 1388 2470 dato

101 2524 189 2587 viam
206 2525 394 2609 conspicere
410 2525 492 2589 mihi
506 2525 629 2604 videor,
653 2549 717 2609 qua
731 2526 815 2590 illud
829 2541 936 2612 πρῶτος
949 2534 1014 2614 ἦρξε
1028 2536 1124 2614 γάμοιο
1145 2526 1319 2589 commode
1335 2548 1389 2590 ex·

54 2705 55 2708 ,
101 2643 219 2726 plicari
233 2645 350 2726 possit,
364 2645 512 2727 quamvis
525 2645 676 2708 Oceanus
687 2647 877 2729 Tethysque
893 2668 961 2708 non
976 2644 1044 2708 sint
1059 2655 1201 2732 ἀγέννητοι.
1225 2644 1388 2708 Nimirum

102 2765 184 2826 haec
208 2764 316 2827 rerba¹
333 2787 400 2827 non
423 2765 532 2828 solum
556 2764 742 2848 significare
767 2772 924 2848 possunt,
952 2765 1123 2828 Oceanum
1146 2764 1290 2848 primum
1315 2787 1389 2827 cum

102 2883 238 2947 muliere
265 2880 725 2962 consuetudinem'habuisse,
750 2885 808 2948 sed
830 2885 930 2948 etiam
952 2906 1027 2948 eum
1048 2883 1190 2966 primum
1207 2886 1336 2968 justum
1354 2889 1390 2944 et

102 3003 309 3086 auspicatum
333 3003 579 3067 matrimonium
602 3003 731 3082 iniisse,
756 3011 934 3088 postquam
957 3004 1024 3067 iam
1048 3010 1145 3067 antea
1168 3003 1289 3066 Coelus
1314 3023 1388 3065 cum

102 3122 201 3185 Terra
226 3135 260 3186 et
284 3123 357 3185 aliis
382 3124 528 3186 deabus³
546 3123 772 3188 concubuerit.
805 3124 977 3187 Eiusmodi
999 3122 1086 3186 enim
1102 3144 1312 3206 compressus
1333 3121 1387 3204 (cf.

102 3241 179 3303 Hes.
199 3241 303 3321 Tbcop.
321 3263 350 3304 c.
369 3245 429 3306 175
446 3245 502 3327 aq.)
525 3266 545 3305 a
564 3249 664 3327 poeta
685 3242 718 3304 in
740 3243 930 3326 nuptiarum
948 3243 1022 3306 loco
1038 3243 1101 3306 rite
1117 3249 1309 3325 paratarum
1323 3265 1387 3305 non

103 3361 371 3423 numerabantur.
411 3361 453 3423 ld
475 3361 649 3444 quodiam
671 3363 893 3426 Scholiastam
914 3363 1055 3426 sensisse
1078 3362 1194 3445 opinor
1215 3363 1258 3425 ad
1278 3362 1387 3425 locum

103 3485 254 3543 nostrum
270 3482 351 3543 haec
367 3481 598 3545 adnotantur:
621 3485 729 3566 ὤπυιεν)
750 3491 855 3570 ὡμίλει,
871 3492 1017 3569 συνεγίνετο
1036 3492 1121 3551 κατὰ
1139 3488 1240 3569 νόμον
1261 3490 1307 3550 καὶ
1321 3489 1389 3568 ἐμίγ·

100 3631 172 3682 voro,
193 3607 314 3688 οομμκεο.
351 3600 424 3663 Nec
446 3601 566 3664 desunt
587 3603 738 3685 exempla
743 3603 773 3681 ,⁴
798 3601 916 3684 quibus
938 3601 1157 3666 demonstrari
1177 3601 1303 3684 possit,
1324 3621 1389 3664 non

172 3737 182 3769 ¹
200 3740 241 3791 cf.
261 3742 344 3802 Plato,
366 3742 469 3791 Placeat.
485 3759 515 3805 p.
538 3746 585 3790 152
604 3743 640 3790 E.

171 3822 240 3875 ²De
263 3827 370 3876 Homeri
393 3821 459 3876 locis
482 3826 514 3874 Il.
538 3831 576 3886 14,
596 3830 643 3874 201
670 3828 730 3878 coll.
756 3832 821 3888 3023
845 3833 961 3892 244ογ.,·
983 3832 1025 3891 21,
1047 3831 1094 3876 195
1119 3825 1152 3875 cf.
1171 3825 1390 3890 Nigelsbach,

102 3911 266 3962 Hcrneriaelae
286 3915 420 3978 Tbeoloyie
437 3912 474 3977 (2.
495 3915 577 3980 Aust„
596 3915 731 3978 Ndrnbery
752 3913 836 3978 1861),
851 3930 881 3979 p.
903 3917 932 3963 77
946 3930 984 3979 sq.

171 3993 183 4024 ⁸
201 3996 310 4047 Ocelum
325 4014 377 4048 non
394 4007 493 4048 tantum
505 4014 538 4048 ex
555 4014 606 4047 una
625 3999 674 4047 dea
688 3998 782 4047 liberos
795 4011 953 4062 procreasse,
973 4013 1053 4048 exeo
1070 3997 1235 4047 manifestum
1254 4006 1303 4058 est,
1323 3996 1390 4060 quod

102 4082 217 4146 Thethys
240 4083 291 4132 illis
310 4082 407 4147 Cratyli
430 4085 545 4135 versibus
570 4084 742 4146 „uterina“
768 4099 840 4134 soror
865 4083 964 4134 Oceani
987 4090 1101 4133 vocatur.
1137 4081 1259 4133 Fortasse
1283 4083 1344 4133 Nox
1367 4082 1391 4132 ei

104 4166 281 4228 Centimanos,
301 4168 437 4232 Cyclopes,
456 4171 551 4220 Parcas
570 4171 647 4219 enixa
666 4177 712 4219 est.

171 4250 183 4283 ⁴
200 4255 304 4302 Praeter
320 4254 346 4301 ic
360 4257 428 4316 qnod
443 4257 470 4304 in
486 4264 558 4305 textu
576 4257 689 4321 positum
708 4262 747 4304 est
762 4255 888 4316 conferas,
906 4256 974 4318 quod
992 4256 1060 4319 apud
1073 4254 1214 4304 Homerum
1227 4255 1275 4316 (Il.
1292 4262 1316 4316 5,
1330 4254 1392 4319 898)

103 4341 208 4390 Titanes
233 4333 392 4408 Οὐρανίωνες
414 4350 546 4390 vocantur.
583 4342 653 4391 Inter
675 4356 740 4404 quos
764 4356 823 4390 cum
841 4339 961 4390 Oceanus
984 4355 1086 4404 quoque
1110 4341 1284 4390 numerandus
1309 4341 1351 4402 sit,
1370 4340 1394 4388 is
