2986 4800
659 186 830 279 —eo—

103 399 221 454 utnon
238 388 335 452 aliter
356 397 455 471 atque
471 386 609 451 Hesiodi
625 387 848 472 temporibus¹
870 386 966 453 anxie
982 385 1206 470 quaesiverint
1220 386 1262 450 de
1278 387 1389 452 mundi

103 517 178 574 ortu
200 517 234 573 et
249 509 347 572 rebus
363 515 440 591 post
456 513 597 570 mortem
613 506 745 570 futuris.
793 506 851 570 Sin
868 506 1021 591 Orpheus
1037 528 1078 571 ne
1095 506 1241 570 Graecus
1259 506 1389 590 quidem

103 630 162 693 sed
176 628 302 692 Pierius
319 628 339 691 i.
353 649 381 690 e.
400 626 559 690 Thracius
574 633 674 710 poeta
689 625 770 704 fuit,
794 627 958 710 quomodo
976 627 1139 690 Graeeum
1156 648 1289 690 carmen
1305 647 1389 690 eom-

103 770 223 832 ponero
246 756 280 812 et
296 747 441 811 Graecos
457 746 536 810 deos
553 746 719 810 oelebrare
736 745 866 830 potuit?
911 748 1085 810 Postremo
1107 746 1135 809 ei
1152 745 1307 830 Orpheus
1328 745 1391 808 iam

103 890 216 932 omnes
233 867 427 951 Olympieos
450 867 529 930 deos
550 873 703 944 noverat,
726 889 805 928 num
821 865 920 930 etiam
938 865 976 944 ii,
999 865 1153 949 aquibus
1175 887 1290 930 eorum
1306 866 1391 928 noti·

101 987 184 1051 tiam
200 986 340 1070 aceepit,
363 987 382 1048 J
385 985 454 1049 ovis
471 985 640 1049 Minervae
658 985 823 1069 Apollinis
839 985 974 1049 numina
990 985 1089 1049 siouti
1105 986 1272 1049 Homerus
1288 985 1390 1048 omni-

102 1108 176 1185 bus,
200 1127 283 1189 quae
299 1104 487 1169 hominibus
504 1112 592 1183 sunt,
616 1104 716 1168 animi
732 1094 923 1183 iirtutibua,
946 1103 1047 1183 vitiis,
1072 1103 1282 1190 cupidinibus
1300 1127 1388 1168 orna·

102 1232 239 1301 verunt;
263 1247 305 1288 au
325 1231 396 1288 tum
419 1224 518 1288 etiam
541 1226 602 1289 sub
619 1225 755 1288 deorum
774 1224 963 1288 nominibus
979 1223 1224 1288 subaudiebant
1239 1223 1388 1287 notiones

103 1344 220 1409 virium
245 1353 278 1408 et
299 1345 600 1428 phaenomenorum
621 1344 843 1409 naturalium?
888 1343 1022 1408 Etenim
1039 1349 1123 1424 ⁸ante
1146 1342 1320 1426 Orpheum
1344 1365 1387 1406 re·

103 1464 208 1548 gressi
223 1464 311 1527 haud
327 1464 428 1546 longe
438 1463 603 1526 aberimus
620 1465 660 1527 ab
671 1463 744 1527 aeri
758 1463 1025 1547 ludogermaniei
1040 1463 1221 1541 liminibus,
1238 1463 1299 1527 ubi
1314 1456 1389 1527 non·

103 1585 181 1648 dum
203 1584 418 1668 grassabatur
439 1583 497 1646 illa
519 1585 787 1667 metaphorarum
807 1583 928 1662 labies,
952 1605 1017 1667 qua
1035 1590 1153 1667 postea
1170 1582 1352 1668 Olympum
1370 1605 1389 1646 a

103 1703 166 1766 diis
191 1702 438 1786 frequentatum
463 1703 511 1765 M.
535 1703 759 1766 Muellerus
784 1703 915 1787 putat*
959 1703 1079 1787 Itaque
1103 1671 1276 1788 Orpheum
1300 1702 1385 1766 nullo

104 1822 201 1885 modo
226 1821 274 1886 ita
299 1844 372 1885 oum
392 1820 537 1885 Homero
563 1830 598 1886 et
618 1821 763 1886 Hesiodo
789 1823 1054 1907 componendum
1077 1830 1177 1907 puto,
1204 1821 1300 1905 quasi
1323 1821 1387 1905 ipse

105 1940 332 2025 Theogoniam
347 1940 446 2005 siouti
464 1941 514 2004 illi
529 1941 671 2006 Iliadem
687 1950 722 2006 et
736 1942 903 2007 Hesiodea
918 1941 1063 2006 earmina
1077 1941 1200 2006 litteris
1218 1941 1387 2025 consigna-

104 2060 199 2125 verit.
246 2061 340 2124 Inter
360 2082 416 2125 eos
436 2060 540 2143 igitur
554 2062 727 2124 habendus
747 2070 799 2124 est
814 2071 947 2145 poetas,
971 2061 1028 2144 qui
1041 2061 1328 2146 rhapsodistarum
1342 2060 1389 2123 in·

104 2189 172 2244 star
193 2180 513 2244 antehomerieorum
535 2202 593 2265 per
613 2181 720 2244 multa
740 2182 872 2245 saecula
897 2204 1010 2246 omnes
1031 2182 1161 2245 fabulas
1167 2231 1177 2260 ,
1205 2180 1325 2265 quibus
1348 2179 1387 2258 ei,

106 2299 162 2382 qui
176 2299 311 2364 tandem
325 2299 520 2393 pontinuum
538 2322 619 2383 opus
636 2300 785 2364 editurus
801 2306 901 2380 esset,
925 2323 1006 2384 opus
1023 2300 1098 2380 fuit,
1116 2300 1317 2384 colligerent
1332 2301 1390 2362 fin·

102 2427 220 2503 gerent
236 2420 503 2482 connecterent.³
527 2420 583 2482 Ita
598 2419 662 2483 etsi
677 2443 742 2483 non
759 2418 874 2498 lorma,
892 2427 1005 2484 tamen
1020 2427 1256 2504 argumentum
1273 2418 1389 2503 Orphi-

103 2560 159 2603 eae
176 2537 387 2622 Theogoniae
409 2540 450 2602 ab
467 2537 601 2623 Orpheo
622 2539 763 2604 forsitan
784 2539 890 2624 repeti
904 2561 1002 2623 posse
1019 2539 1183 2604 videatur.
1229 2542 1389 2604 Attamen

101 2680 142 2721 ne
157 2679 373 2741 praepropero
390 2680 537 2742 agamus,
557 2659 739 2723 cavendum
755 2665 818 2722 est.
843 2658 976 2723 Etenim
992 2658 1128 2723 tertium
1140 2681 1272 2743 quoque
1283 2661 1386 2723 datur.

101 2777 191 2841 Ouid
208 2776 310 2856 enim,
328 2777 356 2840 si
373 2777 519 2861 Orphioa
534 2778 727 2861 Theogonia
742 2800 847 2861 neque
864 2781 905 2843 ab
923 2780 1057 2864 Orpheo
1074 2778 1199 2863 soripta
1216 2780 1326 2863 neqde
1344 2777 1390 2841 ita

102 2919 177 2960 oum
193 2919 230 2961 eo
248 2919 396 2962 connexa
411 2904 497 2976 erat,
519 2905 557 2961 ut
576 2896 701 2981 Orphei
717 2901 842 2984 δόγματα
862 2897 896 2961 in
916 2919 954 2962 ea
971 2897 1119 2981 quamvis
1139 2898 1181 2961 ab
1197 2898 1264 2962 alio
1275 2919 1386 2963 ,reeen-

100 3016 193 3080 tioris
210 3016 330 3081 aetatis
347 3016 507 3101 scriptore
523 3016 669 3100 reposita
685 3023 813 3096 essent,
836 3018 895 3081 sed
909 3039 1043 3101 prorsus
1059 3017 1189 3081 nullum
1204 2999 1293 3082 inter
1308 3020 1387 3082 hano

101 3144 135 3200 et
154 3144 301 3200 veterem
323 3144 435 3200 vatem
456 3136 625 3200 vinculum
648 3136 824 3200 exstabat?
869 3136 1060 3201 Videndum
1083 3136 1204 3221 igitur,
1231 3137 1312 3221 quid
1332 3157 1386 3200 nos

101 3262 250 3326 veterum
272 3262 443 3320 auctorum
464 3255 657 3319 testimonia
679 3256 719 3318 do
741 3256 803 3318 hae
819 3277 854 3318 re
871 3256 1025 3321 doceant.
1071 3256 1284 3340 Quamquam
1305 3255 1384 3321 enim

101 3395 166 3436 non
187 3393 291 3455 nego,
308 3372 385 3474 *fieri
399 3375 548 3457 potuisse
555 3423 565 3454 ,
588 3383 627 3439 ut
642 3375 805 3459 'quaedam
820 3374 990 3439 doetrinae
1012 3377 1053 3439 ab
1070 3374 1205 3461 Orpheo
1221 3376 1385 3460 profectae

102 3500 136 3556 et
158 3493 198 3555 ab
221 3492 292 3575 ejus
308 3490 478 3586 discipulis
494 3494 550 3556 -vel
571 3517 589 3557 a
605 3495 802 3577 quibusdam
819 3493 969 3577 eollegiis
992 3495 1256 3559 sacerdotalibus
1275 3515 1385 3579 propa·

172 3747 181 3777 ¹
198 3749 402 3814 Bernhardy,
422 3751 441 3800 l.
455 3767 477 3799 o.
495 3751 535 3808 ΙΙ,
550 3755 602 3814 lp.
617 3755 666 3799 269
680 3733 725 3816 aq.¹
753 3752 812 3801 Etsi
830 3752 955 3815 imprimis
975 3768 1008 3803 ex
1026 3753 1107 3803 altero
1125 3754 1240 3804 earmina
1256 3749 1297 3806 ’E.
1310 3745 1384 3805 aa‘H.

103 3836 228 3897 quaedam
246 3836 324 3905 animi
342 3837 446 3886 tristitia
464 3842 619 3898 compareat,
642 3842 727 3884 tamen
746 3837 823 3886 etiam
840 3838 866 3886 in
884 3837 1038 3902 Theogonia
1055 3839 1126 3888 illam
1144 3838 1311 3889 Homericam
1327 3837 1384 3886 hila·

102 3920 203 3968 ritatem
222 3921 365 3972 desiderare
384 3922 447 3971 mihi
466 3922 562 3971 videor.
599 3918 673 3980 Quae
691 3923 789 3983 neseio,
813 3937 846 3971 an
870 3924 932 3973 solis
949 3923 1061 3974 ionibus
1082 3939 1185 3990 semper
1201 3924 1289 3986 fuerit,
1308 3933 1385 3986 neque

102 4005 155 4054 ullo
174 4012 289 4069 tempore
306 4009 383 4057 etiam
400 4007 535 4057 Aeolibus.
626 4001 629 4004 ’
1037 3995 1041 4002 ’

171 4085 182 4117 ²
204 4090 375 4157 Vorlearmpea
391 4095 464 4143 riter
470 4095 512 4143 die
530 4093 713 4158 Wrrmchoft
730 4095 777 4143 der
795 4095 918 4158 Sprarde,
936 4096 1019 4145 ittera.
1039 4112 1063 4146 o.
1085 4096 1112 4145 0.
1130 4096 1299 4162 sesama.
1316 4093 1382 4160 Asfl

102 4173 374 4240 Leipraiy1866),II,
393 4182 442 4226 336
455 4195 493 4242 sq

172 4256 242 4310 ³01⁰.
262 4261 400 4324 Philoponi
418 4263 495 4312 verba
513 4279 590 4327 supra
607 4265 723 4314 laudata:
744 4262 781 4331 μὴ
801 4261 873 4314 δοκεῖ
888 4258 1048 4336 Ορῖφέως
1023 4281 1089 4316 evat
1106 4262 1139 4316 τὰ
1158 4261 1275 4335 ἔπη...
1290 4261 1382 4316 ,αὐτοῦ

103 4343 150 4412 μὲν
168 4344 216 4416 γάρ
235 4345 282 4396 εἰσι
299 4343 331 4396 τὰ
350 4343 466 4414 δόγματα
483 4345 543 4399 κτλ.
