2986 4800
654 207 825 304 —s-r—

100 414 335 493 anteponatur,
358 415 396 471 nt
411 408 476 471 iam
492 431 533 474 na
550 415 640 497 Μοίρᾳ
656 409 789 493 quidem
804 409 974 474 subiectus
989 408 1141 474 videatur
1156 417 1191 474 et
1205 409 1276 493 ipse
1291 430 1381 494 pror·

98 550 149 591 sus
164 550 235 592 non
250 527 399 592 diversus
415 529 577 592 habeatur
591 550 611 591 a
625 528 730 592 totius
746 529 862 593 mnudi
875 529 986 593 anima
1001 536 1035 593 et
1051 536 1179 592 natura.
1210 527 1384 613 Ejusmodi

97 654 208 711 autem
223 646 470 731 pantheismum
485 647 551 711 iam
566 655 643 712 ante
659 648 795 713 Homeri
811 655 955 713 aetatem
971 648 1117 732 viguisse
1136 655 1170 712 ot
1192 672 1211 711 a
1226 646 1384 731 gentibus

98 766 226 831 Doricis
242 767 296 831 vel
312 766 459 831 Aeolicis
469 766 702 850 Boeoticisque
718 791 836 832 arcano
851 768 892 832 iis
907 767 1048 833 saeculis
1062 775 1283 854 propagatum
1297 788 1382 844 esse,

97 885 216 969 quibus
233 887 351 965 Jonas,
375 886 494 972 quippe
511 887 660 951 homines
678 887 746 951 illis
763 888 933 952 hilariores
952 896 987 953 et
1002 897 1256 977 praecurrerem,
1277 885 1384 950 varias

96 1006 234 1070 deornm
249 1005 381 1069 fabulas
397 1005 563 1085 finxerint,
583 1006 777 1072 incredibile
792 1008 935 1072 videtur.
961 1009 1026 1072 Sed
1042 1007 1081 1087 si,
1099 1007 1132 1072 id
1148 1007 1236 1091 quod
1252 1005 1385 1070 minime

96 1148 193 1209 nego,
218 1125 479 1211 polytheismum
500 1126 612 1209 purior
633 1127 814 1191 antecessit
831 1127 979 1211 religio,¹
1001 1134 1115 1191 tamen
1130 1126 1281 1190 homines
1302 1123 1387 1189 anti-

97 1245 275 1329 quissimos
291 1247 399 1310 Deum
419 1267 549 1329 semper
570 1247 631 1311 sub
653 1246 796 1310 hominis
817 1246 961 1329 imagine
982 1246 1046 1309 sibi
1066 1252 1331 1329 repraesentasse
1353 1250 1388 1308 et

97 1364 254 1430 familiari
264 1366 406 1449 quodam
423 1365 493 1448 ejus
503 1366 699 1429 commercio
710 1366 836 1430 fructos
847 1388 919 1429 esse
928 1373 1022 1449 puto,
1039 1386 1099 1429 nec
1110 1364 1258 1428 divinum
1265 1385 1388 1427 numen

99 1507 154 1549 eos
170 1485 265 1568 quasi
287 1484 455 1549 enecuisse
477 1492 511 1550 et
534 1487 634 1550 rebus
649 1485 835 1551 visibilibus
851 1485 957 1550 veluti
972 1485 1111 1550 stercori
1125 1507 1185 1570 par
1199 1482 1386 1547 habuisse'

101 1605 218 1689 Itaque
236 1605 407 1689 Orpheum
421 1604 506 1668 illud

349 1723 417 1784 Ζεὺς
433 1734 533 1797 πρῶτος
550 1726 651 1796 γένετο,
675 1724 742 1784 Ζεὺς
761 1724 868 1785 ὕστατος
884 1726 1065 1800 ἀργικέραυνοτ
1081 1725 1139 1779 κτλ.

98 1835 174 1913 post
185 1826 370 1891 Hesiodum
379 1826 511 1891 videtur
519 1827 601 1891 mihi
617 1827 789 1892 cecinisse.
813 1828 1009 1892 Etfortasse
1023 1849 1064 1892 ne
1080 1830 1143 1891 hoc
1154 1826 1288 1909 quidem
1298 1848 1388 1910 sper·

99 1947 245 2012 nendum
260 1947 302 2010 ad
319 1968 391 2011 eam
407 1947 607 2011 sententiam
623 1948 898 2026 confirmandam,
922 1948 1011 2031 quod
1026 1949 1144 2030 supra³
1160 1937 1302 2030 conjeci,
1327 1947 1389 2009 Or-

98 2070 222 2151 pheum
237 2089 337 2130 versu
352 2066 386 2129 in
401 2065 552 2130 Platonis
567 2065 709 2129 Philebo
726 2074 914 2130 asservato:
938 2075 1004 2154 ἕκτῃ
1021 2075 1050 2134 δ’
1059 2076 1088 2135 ἐν
1100 2077 1183 2152 γενεᾷ
1197 2072 1391 2134 καταπαύσατε

100 2195 202 2273 κόσμον
218 2196 310 2274 ἀοιδῆς
325 2186 556 2270 respicientem
566 2185 704 2250 Hesiodi
715 2207 846 2250 carmen
863 2207 959 2248 usum
975 2206 1057 2263 esse,
1074 2191 1113 2246 ut
1123 2183 1336 2266 significaret,
1355 2204 1389 2246 se

100 2305 302 2389 theogoniae
319 2328 397 2370 suae
413 2305 650 2390 heroogoniam
664 2328 732 2369 non
748 2328 819 2369 esse
835 2304 1036 2370 additurum.
1066 2301 1225 2367 Similiter
1241 2301 1342 2366 etiam
1357 2300 1391 2365 in

101 2426 217 2489 fabula
233 2425 273 2489 de
284 2426 304 2488 J
306 2425 376 2489 ovis
393 2434 427 2490 et
437 2425 573 2490 Matidis
584 2425 741 2510 conjugio
752 2425 890 2490 Hesiodi
906 2426 1078 2489 obscuram
1095 2429 1130 2487 et
1145 2421 1266 2487 exilem
1280 2443 1391 2485 narra·

101 2544 230 2608 tionem
246 2544 378 2608 videtur
393 2545 611 2628 amplificasse
629 2552 662 2609 et
679 2546 845 2609 ornasse.⁴
890 2547 1063 2608 Postremo
1080 2542 1156 2606 siin
1172 2540 1392 2626 dijudicandis

102 2665 202 2729 rebus
219 2686 366 2728 summae
383 2664 592 2748 antiquitatis
602 2664 743 2749 caligine
760 2663 887 2728 obrutis
901 2670 1031 2747 praeter
1046 2682 1226 2747 paucorum
1240 2660 1392 2726 testimo·

103 2784 234 2847 nicrum
255 2784 489 2848 auctoritatem
505 2785 605 2848 etiam
621 2783 747 2867 aliquid
762 2784 852 2847 valet
867 2782 951 2847 ratio
968 2790 1003 2845 et
1018 2779 1186 2863 analogia,
1210 2802 1305 2863 spero
1321 2779 1392 2843 fore

104 2910 141 2967 ut
164 2902 241 2967 huic
265 2926 394 2987 quoque
411 2903 665 2968 considerationi
688 2927 755 2968 non
780 2904 892 2966 omnis·
908 2901 994 2965 desit
1015 2923 1134 2964 nervus
1157 2905 1190 2962 et
1213 2898 1390 2963 evidentia.

104 3023 288 3087 Quaerenti
298 3023 395 3102 enim,
414 3023 469 3106 qui
479 3023 579 3088 fuerit
589 3045 783 3109 progressus
793 3021 963 3086 doctrinae
974 3022 1014 3085 de
1025 3026 1113 3083 sorte
1124 3018 1306 3083 animarum
1314 3023 1391 3101 post

102 3200 143 3207 —.
150 3200 248 3208 .----
253 3201 299 3206 ---
304 3200 409 3206 .--.—..
414 3200 532 3207 -κ-

103 3316 136 3350 ex
156 3298 262 3364 Orpheo
287 3307 389 3363 sumpta
407 3313 464 3348 esse
483 3315 559 3362 quam
578 3315 617 3360 ea,
643 3314 709 3362 quae
733 3300 764 3348 de
782 3299 910 3348 Adrastea
934 3307 959 3348 ct
976 3299 1063 3359 IdaI,
1084 3304 1106 3347 l.
1126 3297 1194 3346 401⁴.
1214 3297 1277 3362 Ape.
1291 3315 1322 3362 p.
1344 3298 1392 3344 515

103 3386 252 3445 tradantur,
276 3385 339 3433 mihi
357 3400 509 3448 persuasum
533 3392 580 3434 est.
616 3385 693 3448 Apud
712 3384 855 3434 Hesiodum
879 3385 948 3433 enim
965 3384 1139 3448 Apollodorus
1162 3383 1227 3431 haec
1245 3397 1297 3431 non
1320 3380 1390 3443 legit.

105 3470 157 3520 Sed
176 3471 359 3520 Lobeckius
383 3472 529 3521 necessario
546 3471 611 3519 hacc
635 3471 738 3519 silentio
756 3472 893 3534 praeterire
912 3452 1008 3531 debuit,
1034 3485 1092 3518 cum
1110 3468 1192 3518 Metin
1216 3467 1322 3515 omniuo
1340 3479 1392 3513 non

104 3557 136 3606 ab
156 3555 263 3620 Orpheo
282 3564 506 3606 commemoratam
525 3571 582 3605 ease
600 3564 704 3620 propter
722 3555 843 3604 Phanetis
861 3555 996 3618 cataposin
1015 3556 1117 3604 credere
1136 3552 1289 3616 cogeretur),
1307 3565 1393 3599 rerum

104 3650 192 3692 autem
210 3643 306 3705 potitus
318 3637 416 3710 Δίκην
434 3642 624 3690 assectatricem
640 3641 727 3690 habet.
752 3639 852 3700 Quibus
869 3642 987 3704 personis
1005 3641 1071 3690 fictis
1089 3648 1115 3689 et
1132 3637 1277 3700 allegoricis
1288 3635 1393 3698 Jupiter

104 3729 221 3777 nondum
242 3728 274 3775 ab
293 3728 408 3776 Hesiodo
426 3729 534 3790 stipatus
553 3735 616 3776 erat.

176 3826 186 3857 ¹
205 3828 248 3878 cf.
267 3830 339 3878 Max
356 3829 484 3890 Mliller,
503 3831 609 3895 Europe,
627 3831 662 3878 B.
683 3830 706 3879 I.
726 3831 850 3894 Beilrdpe
871 3847 918 3880 aar
938 3827 1144 3893 oerpleicheadea
1161 3824 1392 3887 Reliqanewism·

105 3917 194 3992 sebast
211 3914 329 3981 (Leipaeip
349 3915 437 3976 1869),
451 3933 482 3980 p.
502 3919 544 3964 37.

176 4015 186 4046 ²
205 4018 246 4066 Ita
264 4018 332 4066 enim
350 4017 480 4080 Pamphus
500 4018 637 4082 (Philam.
657 4019 763 4068 Heroa'e.
783 4019 840 4076 III,
858 4021 890 4064 39
905 4033 935 4080 p.
956 4014 1015 4079 69):

417 4115 471 4170 Ζεῦ
489 4118 599 4179 κύδιστε,
620 4119 721 4189 μέγιστε
739 4116 816 4178 θεῶν,
837 4116 954 4185 ellopiae
972 4115 1062 4187 κόπρῳ

418 4201 515 4276 μηλείῃ
532 4223 561 4256 τε
579 4204 624 4256 καὶ
643 4202 728 4278 ἱππείῃ
747 4204 792 4256 καὶ
808 4199 935 4274 ἡμιονεὶῃ.
