2986 4800
722 207 763 269 69

101 415 144 478 ita
174 412 302 477 animas
328 432 457 495 quoque
485 411 644 473 humanas
676 432 804 493 semper
833 411 924 474 nasci
947 410 1030 474 mori
1053 411 1180 475 renasci
1204 412 1382 476 dicerent¹

101 533 196 598 Quod
213 531 242 596 si
259 532 455 608 eredebant,
478 530 543 593 iam
559 552 625 593 non
640 529 751 608 licuit,
772 530 943 594 animabus
962 538 1196 614 postmortem
1217 516 1385 597 aeternam

100 653 264 737 quandam
280 652 392 715 sedem
407 650 476 714 sive
491 651 623 713 beatam
640 648 709 713 sive
726 652 923 714 horrendam
940 650 1119 734 assignare,
1140 652 1198 715 sed
1213 651 1291 716 illae
1306 674 1385 736 poe-

98 796 157 838 nae
180 779 216 836 et
235 770 381 855 praemia
402 762 495 853 quasi
514 770 548 833 in
568 769 685 832 itinere
707 771 871 853 captanda
893 777 996 839 erant.
1041 771 1105 834 Sed
1127 770 1280 834 interfuit
1299 771 1386 836 inter

98 894 200 958 Indos
217 898 252 955 et
269 891 430 969 Graecos,
453 889 541 973 quod
556 890 644 973 apud
659 889 736 952 illos
752 890 942 953 sacerdotes
957 914 1119 954 summam
1135 890 1225 954 nacti
1240 891 1384 974 dignita·

97 1020 163 1077 tem
182 1018 219 1076 et
227 1010 414 1095 potentiam
424 1032 542 1074 novam
552 1032 646 1072 suam
655 1009 849 1093 religionem
868 1010 1019 1074 omnibus
1029 1010 1243 1095 popularibus
1253 1011 1386 1094 publice

98 1132 337 1209 obtruderunt,
363 1131 399 1193 hi
417 1152 494 1193 vero
520 1128 553 1192 in
573 1135 685 1192 vetere
708 1130 843 1193 deorum
866 1130 960 1193 cultu
981 1130 1087 1214 magis
1110 1130 1174 1194 sibi
1195 1136 1386 1194 constantes

97 1253 309 1318 sacerdotum
326 1256 574 1332 ceterorumque
591 1251 869 1333 Euthyphronum
886 1272 988 1313 novas
1005 1250 1176 1334 opiniones
1196 1251 1230 1313 in
1245 1250 1329 1314 ritus
1352 1257 1387 1314 et

98 1374 170 1436 loca
186 1393 307 1435 arcana
323 1370 532 1453 ablegarunt.
579 1371 635 1433 Ita
650 1370 794 1447 factum,
816 1376 856 1432 ut
873 1368 905 1432 in
922 1369 1061 1433 Graecia
1077 1391 1183 1452 neque
1200 1371 1385 1453 complures

100 1491 229 1556 ordines
240 1490 420 1554 sanctitate
429 1489 517 1553 inter
526 1511 561 1553 se
571 1489 692 1553 diversi
702 1489 900 1553 exsisterent
909 1511 1015 1572 neque
1026 1489 1158 1553 funeta
1167 1490 1226 1554 illa
1236 1489 1387 1553 doctrina

103 1610 308 1695 migrationis
324 1610 503 1673 animarum
517 1632 630 1673 omnes
639 1610 732 1692 leges
749 1616 784 1672 et
798 1609 955 1673 instituta
966 1609 1139 1674 civitatum
1149 1617 1383 1695 corrumperet.

100 1731 181 1795 Cum
196 1730 303 1814 igitur
317 1729 356 1809 ii,
381 1729 437 1813 qui
452 1752 537 1793 nova
552 1730 710 1813 dogmata
726 1730 870 1812 amplexi
885 1737 994 1808 erant,
1017 1729 1051 1793 in
1066 1731 1225 1814 populum
1242 1753 1280 1793 ea
1295 1753 1385 1814 spar-

99 1873 175 1935 gere
192 1851 331 1928 vellent,
353 1852 417 1913 hoc
432 1873 497 1913 non
514 1849 577 1913 nisi
593 1849 640 1912 ita
656 1848 764 1913 facere
780 1856 972 1933 potuerunt,
995 1857 1034 1913 ut
1054 1857 1089 1914 et
1105 1850 1245 1934 singulis
1261 1872 1299 1914 ea
1313 1872 1386 1934 per·

100 1972 279 2036 suaderent
302 1976 338 2032 et
361 1969 450 2052 ipsos
475 1991 588 2032 omnes
611 1969 689 2032 deos
713 1968 898 2033 tralaticios
918 1970 1026 2033 colere
1052 1969 1246 2033 simularent
1269 1970 1324 2033 vel
1347 1992 1390 2033 ne

99 2091 295 2154 simularent
315 2089 463 2171 quidem,
488 2089 609 2173 quippe
631 2088 686 2171 qui
706 2087 770 2172 ipsi
790 2087 846 2152 vix
867 2089 965 2173 plane
986 2089 1227 2173 perspicerent,
1250 2111 1285 2153 se
1306 2091 1388 2153 deos

99 2211 225 2294 patrios
242 2216 278 2272 et
292 2209 440 2273 veterem
456 2209 649 2292 religionem
668 2208 841 2272 conatibus
861 2208 927 2271 suis
945 2230 1016 2272 esse
1032 2210 1261 2293 abrogaturos
1295 2210 1389 2273 Inter

101 2353 215 2394 omnes
240 2336 351 2393 autem
371 2329 501 2392 fabulas
527 2330 567 2393 ad
593 2352 668 2393 suas
691 2327 858 2393 doctrinas
883 2328 1116 2412 significandas
1141 2337 1236 2414 aptas
1261 2330 1388 2394 nullam

99 2450 242 2514 sortasse
263 2449 424 2534 aptiorem
443 2449 666 2532 reperiebant,
690 2472 787 2532 quam
809 2472 891 2533 quae
913 2450 953 2512 de
970 2449 1184 2534 Proserpinae
1204 2449 1283 2514 fatis
1305 2456 1386 2513 erat.

99 2569 276 2654 Duplicem
294 2569 430 2633 enimin
445 2569 579 2632 modum
596 2591 634 2632 ea
649 2568 699 2631 uti
714 2569 821 2632 licuit.
861 2569 1007 2633 Primum
1023 2569 1086 2633 iam
1104 2571 1191 2655 apud
1207 2571 1388 2633 Homerum

167 2843 178 2874 ¹
196 2846 319 2896 Nonnulli
338 2847 424 2896 mirati
442 2854 509 2907 sunt,
530 2847 659 2908 quomodo
677 2846 774 2895 factum
793 2855 868 2909 esset,
888 2855 917 2896 ut
934 2848 1087 2911 Pythagorei
1106 2854 1165 2899 ante
1184 2849 1248 2898 alios
1262 2848 1387 2912 Orphicas

99 2933 230 2980 doctrinas
249 2933 470 2994 amplecterentur.
507 2933 592 2996 Aegre
611 2933 680 2981 enim
698 2933 828 2983 obscoena
846 2940 871 2982 et
894 2936 1052 2983 tumultuosa
1070 2934 1242 2997 Orphicorum
1260 2936 1388 2984 Bacchica

99 3033 173 3066 sacra
196 3017 377 3065 camillorum
400 3024 489 3066 sancta
507 3026 533 3067 et
549 3019 666 3069 modesta
688 3019 740 3067 vita
759 3027 785 3067 et
808 3020 878 3068 cultu
896 3020 1025 3083 Apollinis
1044 3022 1188 3069 convenire.
1227 3020 1273 3070 Sin
1291 3036 1385 3084 sumas,

99 3102 229 3169 Orphicos
247 3103 349 3165 proprie
368 3118 419 3151 non
438 3104 539 3167 Zagrei,
559 3105 603 3153 sed
621 3101 723 3152 Cereris
741 3104 815 3167 orgia
833 3104 977 3154 celebrasse
996 3113 1021 3154 et
1036 3107 1206 3172 Proserpinae
1224 3108 1388 3170 potissimum

98 3190 213 3238 fabulam
233 3195 334 3237 secutos
352 3191 477 3238 nonnulla
493 3190 525 3238 de
543 3190 644 3238 animae
663 3198 731 3239 sorte
749 3191 926 3253 praecepisse,
950 3206 1002 3240 non
1021 3197 1072 3250 est,
1097 3207 1142 3241 cur
1157 3190 1271 3253 mireris,
1294 3193 1387 3256 Pytha·

98 3289 192 3338 gorcos
216 3275 257 3322 vel
275 3274 447 3338 Pythagoram
472 3290 502 3323 ea
520 3290 570 3324 non
596 3276 681 3324 minus
700 3276 809 3324 libenter
832 3284 908 3339 atque
927 3277 1066 3325 Pindarum
1089 3280 1146 3341 (Ol.
1166 3281 1207 3338 II,
1228 3285 1272 3329 101
1294 3297 1332 3345 sq.
1352 3280 1385 3328 cf.

100 3359 255 3419 Gerhard,
282 3361 300 3409 l.
321 3379 343 3409 c.
364 3362 399 3412 N.
426 3366 485 3409 set
509 3363 567 3423 110)
593 3363 732 3425 accepisse.
769 3363 927 3425 Pythagoras
952 3370 1049 3423 autem,
1075 3380 1127 3427 qua
1151 3372 1205 3414 erat
1228 3362 1385 3436 uolcpcblp,

98 3447 138 3495 vel
157 3447 319 3508 Pherecydes
343 3445 419 3493 facile
437 3446 563 3508 genuinas
588 3447 644 3496 illas
664 3446 821 3496 Graecorum
840 3448 969 3497 doctrinas
994 3451 1105 3512 quodam
1123 3451 1282 3515 Aegyptiaco
1301 3451 1386 3499 colors

98 3537 186 3586 fucare
210 3536 302 3599 potuit.
340 3535 406 3584 Cum
429 3544 515 3586 autem
534 3539 601 3600 apud
625 3538 696 3601 ipsos
715 3539 858 3602 Aegyptios
882 3539 999 3587 doctrina
1017 3539 1048 3585 da
1072 3548 1140 3586 sorte
1164 3539 1305 3586 animarum
1327 3543 1387 3599 post

98 3631 207 3672 mortem
226 3622 313 3670 futura
331 3621 541 3683 conjunctissima
565 3624 642 3672 fuerit
659 3639 717 3672 curn
736 3624 822 3673 fabula
846 3625 877 3672 de
897 3623 1006 3675 Osiridis
1023 3625 1049 3672 h.
1069 3640 1092 3672 e.
1112 3624 1217 3686 Dionysi
1235 3623 1306 3684 fatis,
1332 3622 1387 3670 fieri

99 3709 141 3756 rix
164 3707 262 3771 potuit,
288 3707 351 3769 quin
374 3707 439 3755 haec
464 3722 566 3770 quoque
590 3709 728 3772 aliquando
752 3709 784 3757 ab
808 3708 927 3772 Orphicis
950 3711 1033 3774 poetis
1057 3710 1213 3772 reciperetur
1236 3714 1261 3756 et
1283 3714 1388 3771 propter

99 3795 211 3859 Dionysi
240 3795 281 3843 vel
303 3795 394 3856 Zagrei
424 3803 450 3843 et
473 3793 574 3844 Sabasii
600 3796 790 3846 similitudinem
814 3799 917 3846 tandem
942 3798 1018 3847 etiam
1041 3795 1152 3858 Phrygia
1175 3807 1248 3842 sacra
1271 3794 1387 3842 admitte-

99 3890 194 3930 rentur.
233 3880 408 3944 Pythagoreos
427 3889 513 3930 autem
532 3897 592 3930 suae
618 3897 676 3931 curn
695 3882 817 3946 Orphicis
841 3883 1034 3933 consuetudinis
1052 3880 1218 3945 poenituisse,
1241 3887 1387 3942 postquam,

99 3983 165 4029 quae
189 3966 240 4030 ipsi
263 3966 399 4027 sevissent,
425 3981 586 4017 succrescere
605 3974 682 4030 atque
707 3968 867 4018 efflorescere
885 3969 1007 4027 viderint,
1032 3981 1083 4015 non
1101 3966 1239 4015 verisimile
1264 3971 1310 4015 est.
1347 3967 1388 4015 Ita

99 4053 247 4102 Herodotus
265 4058 333 4101 recte
353 4052 456 4114 quidem
474 4053 558 4102 dicere
592 4053 676 4116 potuit
694 4053 744 4117 (II,
767 4053 835 4118 123),
856 4069 913 4103 eam
931 4069 996 4116 quae
1014 4060 1068 4101 turn
1086 4052 1215 4101 ferebatur
1233 4053 1259 4100 in
1278 4051 1387 4102 Graecia

99 4140 243 4187 animarum
267 4138 426 4200 migrationis
451 4139 591 4187 doctrinam
614 4139 749 4203 Aegyptiis
773 4141 875 4203 deberi,
899 4155 946 4188 nec
971 4146 1057 4188 tamen
1080 4141 1234 4202 putandum,
1259 4137 1386 4202 Orphicos

98 4227 221 4297 mentitos
235 4239 292 4273 esse
310 4222 443 4295 τοὺτῳτῷ
461 4223 530 4294 λόγῳ
550 4226 584 4282 ὡς
603 4223 659 4296 ἰδίῳ
679 4224 778 4278 ἑαυτῶν
797 4224 862 4278 ἐόντι
879 4224 1066 4298 χρησαμένους.
1105 4224 1186 4274 Sicuti
1206 4225 1272 4273 enirn
1286 4224 1342 4272 Indi
1361 4216 1389 4272 et'

99 4311 225 4375 Aegypti,
250 4309 287 4358 ita
305 4310 381 4358 ctiam
400 4309 493 4360 Graeci
517 4319 607 4375 suopte
626 4313 730 4376 ingenio
754 4315 807 4361 iam
824 4320 883 4361 ante
902 4313 1027 4376 Zagreum
1053 4313 1182 4361 invectum
1200 4312 1232 4359 ad
1257 4309 1385 4372 quandam

99 4395 300 4447 immortalitatis
318 4394 419 4444 animae
437 4396 578 4445 doctrinam
595 4398 727 4463 pervenire
745 4404 891 4463 potuerunt.
