2986 4800
153 1345 206 1406 De
217 1343 435 1427 Orphicarum
452 1365 534 1426 quae
551 1343 702 1406 feruntur
716 1330 971 1425 theogonianim
986 1343 1097 1406 indole
1114 1350 1213 1425 atque
1230 1343 1356 1427 origine

64 1471 144 1524 tum
162 1468 340 1524 ceterarum
355 1469 429 1525 tum
445 1462 525 1540 elue,
549 1484 631 1545 quae
647 1486 666 1526 a
681 1462 876 1526 Damasoio¹
892 1473 910 1549 ἡ
927 1472 953 1530 ἐν
967 1476 1024 1537 ταῖς
1038 1472 1195 1549 φερομέναις
1210 1468 1357 1550 ῥαψιρδίαις

63 1587 206 1666 ’Oppiani
220 1588 345 1667 θεολογία
360 1588 508 1659 vocatur,
531 1604 711 1665 permagna
727 1582 836 1645 adhuc
852 1582 939 1645 inter
953 1581 1039 1645 viros
1062 1581 1178 1644 doctos
1195 1580 1355 1645 dissensio

64 1708 130 1763 est.
176 1699 263 1761 Nam
289 1721 363 1762 cum
388 1699 444 1762 alii
468 1700 658 1764 Lobeekii
684 1701 883 1765 sententiam
909 1700 1067 1785 amplexi,
1095 1723 1192 1783 quam
1216 1700 1357 1785 protulit

62 1819 98 1881 in
134 1819 368 1901 Aglaophamo
399 1820 489 1897 0110,Ξ
520 1819 659 1882 fortasse
689 1822 797 1884 minus
827 1826 923 1884 caute
954 1843 1052 1903 quam
1079 1819 1150 1903 ipse
1178 1820 1355 1903 magister³

63 1937 239 2012 dictitent,
265 1938 320 2000 vel
340 1943 449 2000 totam
470 1939 697 2020 Theogoniam
721 1940 775 2002 vel
799 1939 968 2023 primarias
994 1939 1063 2002 eius
1089 1947 1199 2022 partes
1224 1939 1288 2003 iam
1315 1941 1355 2003 ab

65 2055 283 2120 Onomacrito
307 2057 367 2119 sub
390 2057 521 2120 nomine
539 2058 664 2140 Orphei
687 2059 846 2122 confictas
863 2048 945 2136 esse',
969 2059 1026 2121 alii
1041 2058 1147 2141 magis
1170 2058 1357 2140 opinionem

63 2177 116 2236 Zo
124 2177 237 2258 egae⁴
249 2175 356 2239 secuti
366 2184 444 2240 sunt
454 2175 594 2259 plurima
605 2184 639 2240 et
649 2176 855 2259 gravissima,
868 2199 950 2259 quae
960 2176 994 2240 in
1004 2178 1063 2240 illa
1072 2178 1240 2260 leguntur,
1252 2200 1355 2260 usque

61 2295 105 2356 ad
116 2294 250 2356 initium
266 2316 359 2358 aerae
371 2303 503 2359 nostrae
520 2296 701 2379 relegentis
713 2318 849 2379 eamque
866 2296 959 2360 novis
970 2297 1173 2380 argumentis
1185 2298 1356 2360 confirma·

61 2414 217 2476 verunt.⁶
242 2414 408 2477 Quoniam
418 2436 495 2477 vero
511 2437 578 2502 non
588 2415 671 2478 levis
687 2415 847 2479 momenti
857 2437 929 2480 esse
945 2416 1031 2478 inter
1044 2437 1156 2479 omnes
1173 2423 1207 2479 et
1223 2419 1357 2500 mytho-

136 2617 145 2647 ¹
168 2620 332 2682 Quaestione
355 2622 387 2670 de
408 2622 503 2685 primia
521 2623 673 2686 principiis,
701 2624 740 2672 ed.
765 2624 822 2672 Joe.
848 2624 924 2686 Κορρ
948 2624 1131 2688 (stanccfurti
1149 2624 1183 2671 ad
1200 2624 1241 2673 II.
1270 2626 1357 2686 1826),

59 2720 93 2767 p.
110 2709 169 2752 380.
204 2707 243 2754 De
256 2706 331 2754 titulo
350 2706 412 2754 satis
424 2707 522 2754 incerto
540 2707 573 2755 cf.
589 2706 723 2766 Giseke‚
742 2709 906 2757 Rheinieehee
917 2708 1041 2765 Marcam,
1055 2708 1089 2757 N.
1105 2709 1147 2766 F„
1165 2708 1243 2768 VIII,
1258 2710 1298 2756 71.
1313 2713 1355 2758 83.

136 2786 147 2816 ²
163 2790 307 2849 Lobeck,
327 2792 520 2855 Aqieopiemer
537 2794 588 2841 rim
606 2794 637 2841 de
656 2793 798 2855 theologiae
813 2794 933 2857 mysticae
949 2795 1105 2842 Graecam
1122 2797 1206 2843 σακκία
1224 2795 1285 2844 libri
1297 2796 1355 2845 III.

60 2877 160 2925 Acced.
175 2881 312 2940 perterrere
326 2869 494 2941 Orphicorurn
506 2879 638 2941 dispersae
654 2877 789 2942 reliquiae.
804 2881 819 2926 2
832 2877 882 2927 vol.
898 2877 1064 2941 (Reqimontii
1079 2882 1141 2925 1829
1151 2895 1182 2943 p.
1197 2879 1356 2944 465-713.)

135 2956 146 2987 ³
165 2958 206 3010 Of.
226 2962 289 3025 Ayl.
305 2979 336 3025 ρ.
357 2966 415 3009 611.

133 3041 195 3094 ⁴0.
215 3047 352 3109 chga’s
376 3047 593 3110 Athendluaqem
617 3047 817 3110 hereueqeqeberr
835 3064 861 3096 u.
880 3049 927 3096 mii
944 3049 1069 3097 Zare'itzer
1087 3048 1204 3112 beqleitet
1220 3065 1245 3097 v.
1266 3050 1296 3098 F.
1320 3050 1354 3099 G.

65 3132 189 3181 Welelcer
207 3131 360 3196 (Gettiaqen
381 3131 458 3195 1817)
473 3151 504 3197 p.
525 3136 574 3179 215
593 3148 631 3196 eq.

134 3212 145 3242 ⁶
163 3216 205 3264 De
223 3217 267 3277 iis,
289 3217 334 3278 qui
352 3224 411 3264 ante
424 3218 539 3280 Zoegam
557 3218 588 3265 de
602 3215 706 3279 Orpheo
723 3216 888 3278 scripserunt,
909 3216 942 3264 ci.
962 3217 1145 3278 Fabricius,
1164 3219 1236 3267 Bibl.
1254 3221 1356 3268 Graece

60 3304 102 3351 ed.
124 3302 177 3352 IV.
198 3319 253 3352 ear.
276 3304 309 3352 G.
332 3304 375 3351 ct.
396 3304 496 3353 Herlee
519 3303 676 3366 (Hamburqi
696 3302 783 3365 1190),
808 3303 832 3361 Ι,
854 3306 902 3350 140
920 3319 958 3366 eq.
979 3307 1005 3352 et
1021 3302 1119 3363 Bode,
1143 3303 1308 3365 Quaestione
1324 3306 1356 3354 de

60 3389 244 3451 antiquiorum
270 3391 408 3438 carminum
437 3391 605 3453 Orphicorum
631 3393 729 3445 aetate,
752 3390 846 3452 patria
873 3393 948 3452 atqie
974 3390 1061 3439 indole
1088 3389 1240 3453 (Gottiaqee
1269 3389 1356 3452 1824),

57 3489 88 3536 p.
110 3476 225 3520 41-46,
261 3473 444 3522 Recentiorum
462 3475 608 3537 catalogum
628 3473 732 3522 exhibet
749 3472 803 3520 Ed.
824 3471 978 3534 Gerhard,
1013 3475 1093 3523 Ueber
1113 3477 1228 3539 Orpheae
1245 3476 1297 3523 erret
1314 3476 1356 3522 die

64 3558 197 3621 Orphiker
210 3558 315 3623 (Berlin
330 3558 416 3622 1861),
429 3577 458 3623 p.
474 3565 505 3607 43
519 3560 553 3609 N.
570 3565 593 3618 1,
613 3567 639 3607 et
655 3557 853 3622 Bernhardy,
877 3561 1020 3609 maante
1031 3561 1077 3609 der
1086 3563 1183 3623 qrr'eclt.
1197 3559 1353 3608 Lr'tteraiar.

60 3647 77 3692 2
99 3643 147 3692 Ia.
172 3645 319 3694 Geechicbie
336 3646 383 3694 der
398 3647 496 3708 qriecb.
515 3647 618 3701 Poeeie‚·
638 3647 663 3694 1.
683 3644 761 3693 Atre.
782 3644 820 3708 (3.
835 3645 916 3709 Aafl„
935 3645 1018 3694 Helle
1040 3642 1124 3706 1867).
1139 3661 1169 3707 p.
1187 3647 1246 3690 432.
1277 3643 1356 3705 Frag-

59 3735 152 3776 menta
170 3728 264 3777 iterum
283 3730 372 3791 edidit,
391 3745 439 3778 nec
458 3738 543 3778 tamen
566 3730 640 3778 auxit
661 3729 706 3778 sed
724 3729 818 3777 minuit
837 3729 999 3791 Mullach,
1023 3731 1178 3791 Fragmenta
1191 3729 1354 3792 philosopho·

59 3830 119 3862 rum
136 3816 294 3864 Graecorum
306 3815 431 3878 (Parisiis
448 3814 534 3877 1860),
554 3816 578 3873 Ι,
600 3819 647 3862 162
660 3831 698 3878 eq.
735 3813 809 3862 Nova
827 3814 970 3877 fragmenta
988 3813 1093 3874 collegit
1110 3812 1143 3859 Α.
1162 3812 1239 3871 Mai,
1260 3814 1353 3877 Spicil.

59 3900 137 3947 Rom.
161 3900 189 3948 Τ.
215 3900 290 3948 VIII
304 3899 348 3965 (ef.
368 3900 504 3959 Preller,
523 3901 686 3949 Iibeinirchee
703 3901 827 3959 Marcum,
847 3902 881 3950 N.
902 3902 944 3958 II„
961 3899 1012 3956 IV,
1025 3895 1182 3960 389-391).
1219 3897 1356 3969 Prpeterea

60 3997 96 4030 ex
120 3983 180 4031 1000
205 3983 339 4047 Hippolyti
364 3987 540 4050 Refuiatioaie
563 3987 670 4034 omnium
693 3986 834 4034 haeresiaca
858 3985 917 4033 tior.
940 3984 975 4040 Χ,
999 3984 1038 4031 ed.
1062 3983 1187 4031 Dercier
1209 3987 1235 4031 et
1253 3984 1355 4031 8010καί-

59 4070 146 4119 dewin
158 4068 313 4132 (Gottirqae
328 4071 405 4134 1859)
415 4088 444 4134 ρ.
459 4075 519 4130 208,
532 4074 548 4116 8
560 4086 610 4133 eq:
635 4062 668 4120 Ὁ
687 4066 734 4138 γὰρ
753 4068 811 4138 περὶ
829 4073 876 4136 τῆς
894 4066 995 4137 μήτρας
1012 4064 1098 4117 αὐτῶν
1116 4065 1161 4117 καὶ
1178 4071 1223 4117 τοῦ
1238 4061 1356 4136 Ὀρφέως

60 4151 148 4222 λόγος,
174 4152 252 4203 καὶὸ
272 4152 396 4224 ὀμφαλὸς,
423 4153 485 4224 ὅπερ
511 4153 577 4204 ἐστὶν
596 4151 713 4224 ἁρμονία,
737 4153 879 4224 διαρρήδην
901 4149 982 4208 οὕτως
1005 4152 1071 4203 ἐστὶν
1094 4151 1192 4208 ἐντοῖς
1210 4147 1356 4222 Βακχικοῖς

58 4243 107 4289 τοῦ
125 4233 245 4308 Ὀρφέως
264 4239 361 4300 aliquid
387 4240 560 4302 colligendum
582 4239 681 4286 videtur
705 4240 736 4287 de
758 4246 908 4301 argumento
927 4237 1099 4301 Orphicorum
1117 4233 1267 4308 Βακχικῶν,
1288 4250 1354 4298 quae

56 4324 148 4373 adhuc
166 4325 273 4373 nomine
293 4333 366 4374 tenus
385 4332 446 4373 nota
465 4332 537 4372 erant
556 4323 600 4386 (cf.
621 4324 683 4386 Api.
699 4341 729 4387 ρ.
751 4328 809 4371 304.
830 4322 902 4385 369).

1121 4411 1136 4458 1
