2986 4800
728 188 767 248 85

100 397 222 452 auctor
237 390 408 453 habendus
424 389 499 453 sit.¹
547 391 654 453 Quem
671 397 779 454 autem
797 391 1017 467 Hellanicum,
1039 412 1135 473 quem
1152 391 1388 476 Hieronymum

99 508 300 572 Damascius
330 509 364 572 in
388 516 498 573 mente
523 509 693 588 habuerit,
725 510 860 573 difficile
885 509 976 572 dictu
1002 517 1065 574 est.
1112 512 1199 573 Nam
1228 519 1267 574 ut
1292 534 1390 594 quam

102 628 246 692 maxime
263 629 498 693 Brandisio¹
520 630 708 712 largiamur,
731 630 897 694 Damascii
912 630 1116 713 temporibus
1138 629 1303 693 neminem
1324 654 1391 694 non

104 756 249 812 veterem
275 749 516 832 logographum
545 750 766 828 intellexisse,
797 749 1056 834 quotiescunque
1081 749 1246 813 Hellanioi
1270 771 1390 813 nomen

104 869 171 931 sine
189 869 260 931 ullo
278 867 426 952 epitheto
443 870 655 933 enunciatum
671 869 730 948 sit,
752 877 865 933 tamen
881 871 956 933 inde
972 893 1038 933 non
1054 870 1174 954 liquet,
1196 893 1273 932 num
1291 870 1388 933 etiam

105 988 346 1072 antiquioribus
368 990 572 1072 temporibus
594 989 680 1053 idem
702 1012 831 1074 semper
852 990 993 1073 scriptor
1014 990 1048 1053 in
1067 990 1230 1053 lectorum
1246 1004 1391 1052 montem

107 1108 242 1172 venerit.
290 1107 399 1171 Facile
425 1109 512 1172 enim
536 1109 607 1173 fieri
631 1110 757 1194 potuit,
784 1118 821 1173 ut
848 1110 977 1194 proprie
998 1110 1130 1193 quidem
1153 1109 1237 1173 alius
1258 1109 1391 1192 quidam

107 1227 299 1293 Hellanicus
320 1235 435 1291 auctor
456 1231 553 1313 hujus
574 1231 774 1313 theogoniae
794 1231 987 1307 haberetur,
1010 1229 1068 1292 sed
1090 1230 1290 1312 procedente
1306 1236 1390 1292 tem-

106 1371 180 1432 poro
191 1356 289 1411 vetus
301 1348 493 1412 Hellanicus
509 1349 543 1413 in
558 1350 648 1413 illius
665 1349 862 1413 obscurioris
877 1350 984 1413 famae
1001 1348 1142 1413 hominis
1154 1350 1265 1412 locum
1275 1350 1389 1412 subro-

107 1478 251 1552 garetur.
298 1469 339 1531 Id
355 1470 443 1552 quod
467 1471 581 1533 multis
603 1478 733 1554 praeter
754 1473 816 1533 hoo
834 1469 1016 1555 Orphicum
1037 1491 1168 1532 carmen
1189 1469 1282 1533 libris
1304 1469 1389 1533 acci·

109 1589 206 1668 disse,
234 1610 276 1651 ex
299 1611 419 1671 magna
443 1590 529 1654 nube
555 1591 751 1676 scriptorum
777 1591 819 1653 ad
844 1598 991 1654 veterem
1012 1589 1171 1653 Lesbium
1196 1589 1388 1653 historicum

106 1710 284 1773 relatorum
301 1709 524 1793 colligendum
542 1718 604 1774 est.
651 1710 726 1773 Etsi
745 1710 848 1794 igitur
870 1718 946 1795 post
961 1713 1186 1794 Pythagoram
1210 1717 1244 1773 et
1260 1711 1391 1772 Parme·

108 1830 217 1893 nidem
234 1830 396 1913 ejusmodi
411 1830 625 1914 theogoniam
643 1838 783 1894 avctore
793 1831 967 1895 Hellanico
982 1831 1079 1894 condi
1095 1830 1241 1914 potuisse
1257 1836 1392 1914 propter

107 1951 264 2034 quasdam
287 1950 439 2013 notiones
465 1958 499 2014 et
522 1951 688 2014 doctrinas
709 1951 806 2014 nimis
826 1952 1071 2034 pantheismum
1097 1952 1225 2015 olentes
1250 1950 1392 2013 fidenter

103 2092 225 2154 negare
242 2092 308 2132 non
324 2071 460 2148 audeo,³
483 2078 605 2149 tamen,
629 2071 655 2132 si
673 2092 755 2154 quae
771 2078 941 2153 praeterea
956 2071 1098 2149 vestigia
1113 2069 1305 2134 recentioris
1328 2069 1390 2131 ori-

102 2190 190 2273 ginis
207 2200 390 2273 emergant,
413 2214 473 2254 nos
490 2191 583 2269 illud,
607 2191 693 2274 quod
710 2191 875 2253 Hellanici
891 2212 1011 2254 nomen
1032 2189 1190 2273 epithetis
1207 2197 1307 2267 caret,
1328 2189 1390 2251 im-

101 2310 214 2394 pedire
234 2332 298 2373 non
315 2311 448 2393 poterit,
468 2312 641 2394 quominus
659 2311 798 2396 aliquem
816 2311 975 2375 iuniorem
992 2310 1200 2374 Hellanioum
1220 2316 1389 2373 auctorem

100 2431 199 2514 hujus
217 2431 368 2493 carminis
385 2453 455 2494 esse
473 2432 630 2496 dicamus.
667 2433 740 2494 Duo
758 2439 869 2495 autem
886 2439 975 2510 sunt,
993 2454 1076 2515 quae
1092 2431 1197 2495 veteri
1213 2429 1388 2495 Hellanico

100 2550 156 2614 vix
179 2573 343 2632 conguore
363 2552 548 2616 videantur.
595 2551 739 2614 Primum
763 2574 804 2614 ex
819 2554 1055 2634 Athenagorae
1075 2551 1158 2614 locis
1180 2558 1333 2636 apparet,
1355 2549 1390 2614 in

101 2671 296 2754 Hieronymi
312 2672 502 2754 Theogonia
519 2673 620 2735 etiam
636 2674 655 2734 J
657 2672 727 2735 ovis
750 2678 784 2734 et
799 2673 1015 2756 Proserpinae
1031 2671 1195 2734 incestum
1212 2692 1389 2754 eorumque

101 2791 208 2854 filium
223 2792 386 2875 Zagreum
404 2800 693 2857 commemoratum
712 2792 824 2856 fuisse.
872 2791 955 2854 Cum
972 2799 1082 2856 autem
1105 2799 1182 2857 ante
1198 2790 1387 2869 viderimus,

171 2998 241 3051 ¹cf.
262 3002 378 3062 Zeller,
399 3004 417 3052 l.
438 3021 460 3052 o.
480 3005 504 3061 I,
525 3006 556 3052 to
575 3004 609 3053 N.
630 3009 654 3052 3.

171 3083 182 3114 ⁹
200 3087 232 3135 Ia.
253 3107 286 3146 ιη,
305 3090 329 3147 Ι,
348 3094 389 3138 66.

169 3169 319 3232 ³chler,
339 3176 357 3224 l.
379 3193 401 3224 c.
424 3203 450 3210 ω-
474 3173 592 3223 Chronos
616 3176 655 3223 vel
679 3175 802 3224 Hercules
827 3184 871 3225 aut
893 3183 994 3239 tempus
1018 3183 1063 3224 aut
1087 3176 1124 3224 sol
1150 3190 1206 3225 csse
1228 3182 1320 3239 potest.
1360 3177 1388 3226 Si

97 3260 172 3316 illud,
192 3258 242 3305 iam
261 3260 320 3307 iude
339 3261 371 3308 ab
390 3261 585 3310 Anaximandro
606 3259 711 3309 Graecis
730 3262 841 3310 innotuit
859 3260 929 3332 ἀρχὴ
950 3259 1029 3318 ἀΐδιος
1047 3261 1091 3312 καὶ
1110 3261 1222 3331 ἀγήρως,
1242 3278 1257 3310 a
1275 3278 1325 3326 qua
1343 3263 1387 3312 illo

98 3342 191 3414 χρόνος
215 3360 266 3392 non
291 3345 399 3393 multum
423 3346 521 3394 videtur
540 3347 633 3396 distare
653 3346 697 3410 (cf.
718 3348 853 3414 Hippolyt.
874 3350 933 3414 Res.
953 3351 1024 3398 haer.
1046 3350 1069 3408 I,
1089 3353 1116 3397 6:
1142 3343 1244 3420 Ἀρχὴν
1267 3344 1287 3398 δ’
1307 3346 1387 3400 ἀΐδιον

99 3427 165 3480 εἶναι
188 3427 232 3478 καὶ
257 3427 356 3499 ἀγήρω,
375 3429 408 3499 ἣν
424 3430 469 3481 καὶ
487 3432 582 3489 πάντας
604 3432 732 3504 περιέχειν
754 3432 812 3489 τοὺς
829 3433 948 3501 κόσμους.
985 3430 1061 3504 Λέγει
1086 3434 1114 3485 δὲ
1138 3433 1229 3506 χρόνον
1253 3436 1288 3491 ὡς
1312 3437 1384 3505 ὡρισ-

99 3515 180 3584 μένης
198 3521 245 3584 τῆς
262 3515 385 3584 γενέσεως
402 3516 482 3581 arla).
521 3517 565 3567 Sin
585 3520 623 3567 sol
642 3528 692 3582 est,
716 3522 829 3569 concedo
848 3522 964 3584 quidem,
987 3523 1134 3571 necessario
1152 3521 1251 3570 zodiaci
1270 3522 1343 3583 signa
1362 3530 1387 3570 et

97 3601 208 3650 fortasse
232 3602 308 3650 etiarn
333 3603 388 3664 ejus
412 3603 589 3667 obliquitatem
611 3607 761 3669 reperienda
784 3606 865 3655 fuisse
891 3608 1042 3671 priusquam
1066 3607 1184 3657 Herculis
1212 3622 1305 3656 nomen
1331 3607 1385 3656 Soli

98 3688 289 3736 accommodari
307 3689 419 3751 potuerit
437 3689 511 3754 (Ayl.
527 3708 557 3755 p.
578 3691 654 3753 485),
674 3692 718 3739 sed
742 3692 793 3739 iam
811 3693 983 3757 Pythagoram
1006 3683 1078 3743 hanc
1091 3694 1215 3757 reperisse
1239 3701 1386 3743 auctorest

98 3771 227 3821 Stobaeus
254 3774 326 3836 (Bel.
346 3777 419 3841 phys.
439 3777 467 3835 Ι,
487 3780 519 3824 23
534 3794 563 3841 p.
584 3777 633 3828 197
650 3776 754 3843 'Gaiss.,·
779 3778 811 3827 cs.
837 3793 904 3841 quae
928 3780 1033 3828 Zellcr
1055 3786 1187 3843 practerea
1211 3780 1305 3842 allegat
1327 3780 1386 3829 loca

98 3860 116 3907 l.
137 3878 159 3908 c.
180 3860 204 3916 I,
224 3863 272 3907 ³08
293 3860 326 3908 N.
347 3860 384 3924 3).
421 3861 523 3910 Deinde
540 3856 655 3932 Ἀνάγκη
676 3878 778 3927 quoque
796 3865 860 3912 mihi
878 3866 977 3913 videtur
993 3866 1045 3913 iam
1064 3864 1280 3927 Pythagoreorum
1298 3867 1385 3915 inven-

97 3952 152 3993 tum
177 3958 233 3992 esse
258 3960 341 4007 neque
360 3961 425 4009 opus
448 3955 498 4008 est,
521 3954 550 3997 ut
566 3950 699 3997 Damascii
717 3950 806 3999 verba:
833 3945 1001 4021 Ἀδράστειαν
1019 3949 1155 4018 ἀσώματον
1179 3949 1385 4023 διωργυιωμένην

98 4030 125 4081 έν
143 4030 219 4080 παντὶ
231 4033 268 4101 τῷ
286 4029 375 4100 κόσμῳ
393 4039 444 4082 τῶν
461 4034 579 4104 περάτων
591 4033 669 4085 αὐτοῦ
689 4034 868 4106 ἐφαπτομένην
880 4037 979 4100 integra
990 4035 1017 4084 in
1029 4036 1207 4100 Theogoniam
1220 4038 1383 4101 recipiamus.

98 4115 184 4180 Saepe
204 4117 271 4165 enim
289 4118 331 4166 hic
350 4119 458 4181 scriptor
475 4121 699 4184 interpretationes
718 4137 777 4170 suas
795 4123 830 4170 ita
848 4137 906 4170 cum
924 4122 1000 4171 robus
1018 4122 1125 4170 narratis
1144 4124 1281 4183 connectit,
1301 4131 1329 4172 ut
1341 4125 1384 4172 vix

97 4204 185 4250 dicere
202 4204 300 4264 possis,
327 4204 386 4265 quid
406 4205 589 4254 sitDamascii
608 4208 711 4270 etquid
730 4208 841 4256 auctoris
865 4207 970 4256 laudati.
1007 4208 1140 4257 Postremo
1165 4208 1187 4257 si
1205 4209 1308 4272 Jupiter
1327 4205 1383 4258 Πὰν

96 4293 205 4336 vocatur
222 4287 254 4335 ab
273 4289 487 4352 Hieronymianae
505 4292 671 4355 Theogoniae
691 4301 807 4354 auctore,
826 4309 858 4344 ne
877 4294 902 4340 id
920 4294 1022 4359 quidem
1041 4295 1124 4361 quinti
1143 4295 1237 4345 saeculi
1257 4294 1382 4359 opinioni·

95 4373 144 4422 bus
163 4387 268 4438 prorsus
286 4375 397 4423 alienum
415 4384 486 4440 puto.
