2986 4800
727 176 768 236 40

102 381 231 446 Deinde
246 381 280 443 in
296 383 418 463 hymno
435 379 611 442 Homerico
628 377 663 441 in
679 379 792 461 Apoll.
811 378 913 462 Pyth.
931 400 961 441 v.
983 380 1042 442 130
1061 377 1150 458 (coll.
1168 380 1202 441 h.
1222 377 1258 440 in
1273 377 1391 471 illiner-

103 525 178 566 vam
201 499 373 578 XXVIII,
398 503 429 582 5)
448 498 601 562 Minerva
622 497 773 581 gignitur
796 508 822 566 ἐν
842 506 949 586 κοροφῃ·
970 496 1029 581 (sic
1052 496 1196 576 codices,
1219 498 1391 562 Barnesius

3 697 5 701 Α
105 631 135 690 ἐκ
153 621 279 708 κορυφῆς)
296 619 469 696 incertum,
487 625 599 681 utrum
609 617 718 681 inians
734 640 776 682 an
791 617 857 680 iam
872 618 999 681 adulta.
1023 617 1141 680 Jovem
1156 598 1391 700 autem²partu-

102 741 243 804 rientem
269 763 287 802 a
310 739 462 802 Vulcano
484 737 591 801 securi
615 737 720 801 ictum
741 758 830 815 esse,
857 737 1040 801 Pindarus¹
1064 737 1196 801 demum
1217 737 1322 801 refert
1330 761 1339 812 ς
1364 744 1393 800 et

103 867 264 924 armatam
285 859 381 923 deam
405 879 447 921 ex
467 857 559 920 iovis
582 856 690 940 capite
711 856 903 940 prosiluisse
930 856 1054 939 primus
1076 856 1289 920 Stesichorus
1310 863 1390 920 teste

104 978 276 1064 Apollonii
286 976 492 1041 Scholiasta¹
509 976 665 1040 narravit.
691 976 821 1040 Quibus
837 975 935 1040 variis
952 975 1100 1058 ejusdem
1116 974 1164 1039 rei
1178 974 1390 1039 relationibus

104 1098 132 1161 si
149 1098 289 1182 denique
306 1097 425 1174 addae,
448 1095 630 1159 Minervam
656 1095 690 1159 in
705 1095 820 1158 multis
837 1095 995 1159 Graeciae
1011 1095 1094 1158 locis
1117 1116 1158 1159 ex
1179 1117 1265 1178 aqua
1281 1094 1334 1159 vel
1355 1116 1390 1158 cx

104 1217 240 1281 Tritone
264 1217 362 1280 fluvio
389 1223 494 1279 ortam
516 1215 664 1279 habitam
688 1237 775 1294 esse,
802 1215 856 1278 vix
876 1214 1061 1279 mirandum
1086 1214 1165 1293 erit,
1192 1214 1221 1277 si
1243 1215 1389 1299 Orpheus

105 1351 234 1420 quoque
250 1336 449 1424 peculiarem
470 1343 504 1399 et
520 1335 653 1418 quidem
668 1334 882 1418 simplicitate
900 1334 1064 1418 insignem
1080 1335 1120 1398 de
1137 1336 1209 1419 ejus
1227 1335 1310 1398 deae
1325 1356 1389 1417 pro·

105 1455 271 1522 creatione
288 1456 446 1520 fabellam
461 1463 597 1519 secutus
613 1454 781 1539 scripserit
797 1464 894 1542 μέλλεν
909 1463 961 1523 ἀπὸ
977 1462 1088 1541 κραδίης
1102 1463 1253 1541 προφέρειν.

190 1577 281 1640 Haeo
297 1575 400 1659 igitur
416 1582 504 1653 sunt,
528 1596 611 1658 quae
628 1574 668 1637 de
684 1573 843 1639 Phanotis
860 1573 1009 1657 cataposi
1023 1574 1213 1636 traduntur.
1260 1571 1390 1637 Quaeri

106 1697 213 1760 animo
230 1718 342 1759 rursus
358 1696 537 1779 perlustro,
561 1694 594 1756 in
613 1693 719 1757 arenis
736 1694 870 1757 domum
886 1700 1055 1757 exstruere
1072 1692 1153 1757 mihi
1168 1692 1318 1770 videtur,
1342 1691 1389 1775 qui

105 1815 173 1878 illis
189 1836 307 1878 novem
324 1812 654 1877 Pseudoaristotelici
668 1812 745 1876 libri
760 1813 909 1877 versibus
925 1812 1042 1891 fretus,
1061 1834 1143 1897 quos
1159 1833 1268 1896 neque
1285 1833 1389 1876 omncs

107 1933 228 1999 veteris
249 1933 384 2016 originis
408 1954 478 1996 esse
500 1954 575 2009 nec,
598 1933 626 1995 si
647 1934 711 1996 hoc
727 1932 840 2011 datur,
864 1933 899 1996 in
914 1931 1107 2016 Theogonia
1123 1931 1230 2015 magis
1247 1955 1345 2016 quam
1361 1931 1391 1993 in

108 2053 248 2138 Hymnis
269 2052 405 2116 infuisse
422 2074 482 2116 nec
499 2052 640 2136 denique
661 2051 856 2115 immutatos
878 2061 913 2116 et
934 2052 1059 2117 formae
1082 2059 1116 2116 et
1137 2073 1254 2115 sensus
1271 2051 1391 2114 ratione

108 2173 223 2238 habita
239 2174 280 2236 ad
297 2180 410 2235 nostra
425 2180 575 2256 tempora
591 2171 778 2256 pervenisse
795 2171 876 2235 satis
893 2179 1021 2236 certum
1036 2172 1091 2250 sit,
1115 2171 1262 2255 aliquam
1278 2170 1391 2255 Orphi-

109 2316 221 2357 corum
248 2292 443 2375 religionem
474 2292 649 2375 mysticam
681 2291 871 2375 excogitare
899 2293 1069 2374 multaque
1095 2292 1134 2355 de
1160 2291 1320 2354 Phanetis
1344 2290 1392 2353 vel

107 2412 239 2475 Amoris
257 2412 309 2474 vel
326 2409 462 2474 Metidis
478 2410 532 2474 vel
547 2410 765 2494 Primogeniti
782 2412 834 2474 vel
851 2411 1031 2494 Eracapaei
1050 2411 1128 2475 fatis
1144 2408 1310 2494 factisque
1325 2409 1391 2495 phi·

105 2529 275 2614 losophari
291 2529 436 2593 animum
451 2530 597 2594 inducat.

64 2630 65 2634 ὅ
195 2650 356 2713 Consulto
374 2657 486 2714 autem
508 2657 582 2714 tota
597 2652 660 2713 hac
677 2649 911 2735 disputationis
927 2657 1021 2734 parte
1039 2650 1126 2729 cavi,
1150 2672 1191 2715 ne
1209 2673 1251 2714 ex
1266 2648 1393 2714 silentio

107 2769 292 2848 ΡΙαόοιιὶε,8
309 2768 461 2848 Eudemi,
478 2769 650 2855 Apollonii
665 2769 798 2848 Rhodii,
820 2769 949 2853 Nigidii
965 2771 1108 2854 Fign1i‚⁴
1132 2771 1221 2853 quod
1237 2775 1342 2854 agunt
1357 2768 1393 2831 de

178 2976 187 3007 ¹
208 2980 306 3046 Olymp.
330 2979 393 3038 VII,
413 2983 496 3043 disp.

176 3061 186 3093 ²
205 3066 311 3115 Scholia
328 3070 415 3124 cetero
432 3067 457 3114 ia
469 3066 605 3133 apollonii
617 3065 797 3129 Argonautica
809 3081 822 3112 e
835 3065 891 3114 cod.
905 3064 1082 3114 Laurentiano
1094 3065 1134 3114 ed.
1149 3063 1186 3114 H.
1200 3065 1263 3113 Keil
1284 3064 1394 3130 (lapsae

112 3150 198 3215 1854),
217 3151 268 3210 IV,
291 3156 354 3200 1310
372 3168 399 3215 p.
415 3156 478 3199 521:
497 3158 596 3222 πρῶτος
615 3147 771 3221 Στησίχορος
790 3147 840 3220 ἔφη
861 3147 904 3200 σὺν
924 3147 1011 3205 ὅπλοις
1030 3147 1060 3200 ἐπ
1077 3154 1124 3218 τῆς
1142 3152 1187 3198 τοῦ
1206 3142 1267 3205 Διὸς
1285 3136 1395 3220 repulit

109 3233 273 3303 ἀναπηδῆσαι
296 3234 344 3302 τὴν
365 3231 493 3305 Ἀθηνᾶν,
521 3237 565 3285 ubi
591 3236 670 3286 verba
694 3233 737 3286 σὺν
764 3233 850 3290 ὅπλοις
877 3236 1017 3298 premenda
1044 3235 1169 3284 videntur.
1207 3233 1395 3284 Lobeckius

110 3322 172 3385 Api.
183 3338 213 3384 p.
229 3325 277 3368 540
297 3321 367 3380 dicit,
386 3321 440 3369 fleri
458 3323 582 3384 potuisse,
602 3327 629 3369 ut
641 3321 773 3384 Apollonii
793 3328 923 3370 enarrator
944 3335 996 3368 non
1013 3320 1104 3383 legerit
1116 3320 1306 3383 Theogoniam,
1327 3333 1396 3383 quam

110 3405 265 3469 doctissimis
283 3413 397 3454 veterum
416 3404 647 3454 Grammaticorum
670 3407 785 3470 ignotam
804 3405 883 3453 fuisse
908 3404 1026 3467 exemplo
1045 3404 1151 3453 Homeri
1169 3412 1396 3454 commentatorum

111 3493 197 3541 doceri
215 3493 305 3555 possit.
343 3491 379 3539 At
397 3492 419 3540 si
436 3491 543 3539 Homeri
562 3493 805 3542 commentatoribus
825 3491 957 3555 Orpheum
980 3504 1032 3539 non
1050 3491 1136 3553 legere
1154 3490 1236 3553 licuit,
1263 3506 1318 3539 non
1336 3490 1396 3539 idom

109 3579 182 3628 licuit
208 3576 368 3626 Scholiastae
392 3576 539 3639 Apollonii,
565 3579 608 3640 qui
634 3587 686 3626 tam
708 3579 802 3627 multus
826 3578 854 3626 in
879 3575 983 3640 Orpheo
1008 3575 1160 3625 celebrando
1185 3584 1264 3625 esset.
1302 3575 1396 3626 Deinde

12 3671 14 3676 '
109 3665 165 3727 ipse
183 3665 221 3712 vir
239 3663 403 3712 doctissimus
422 3663 484 3726 Api.
500 3679 529 3726 p.
551 3667 600 3710 544
625 3664 702 3711 aliam
722 3663 882 3712 scholiastae
905 3670 993 3711 notam
1012 3662 1044 3710 ad
1063 3659 1204 3724 Orphicum
1221 3661 1395 3725 Theogoniam

110 3749 204 3798 referre
216 3750 324 3798 videtur.
355 3747 528 3796 Nihilominus
547 3755 632 3796 autem
650 3748 899 3798 Hemsterhnsii
918 3748 1045 3797 sententia
1062 3762 1095 3796 ex
1107 3747 1156 3795 hoc
1173 3747 1232 3796 ioco
1247 3746 1394 3811 colligentis,

112 3832 260 3884 Stesichoro
278 3835 449 3884 recentiorem
472 3831 551 3881 fuisse
571 3831 703 3895 Orpheum
724 3842 869 3897 propterca,
894 3834 963 3897 quod
982 3833 1104 3882 cecinerit
1126 3830 1213 3889 ὅπλοις
1232 3831 1395 3901 λαμπομένην

111 3917 178 3978 παλ,
197 3920 358 3983 reprobanda
375 3921 484 3980 videtur,
509 3919 630 3982 quoniam
650 3919 725 3967 facilc
744 3919 797 3968 ficri
815 3918 908 3982 potuit,
933 3927 962 3968 ut
979 3920 1006 3968 in
1024 3927 1108 3968 vetere
1127 3917 1232 3982 quidem
1250 3917 1395 3982 Theogonis

112 4004 199 4053 fabula
217 4006 248 4053 de
266 4007 396 4056 Minervae
415 4015 472 4055 ortu
492 4006 593 4054 diverso
612 4020 628 4052 a
647 4003 795 4054 stesichoro
813 4007 889 4054 modo
909 4014 1063 4065 sanaretur,
1086 4005 1112 4052 in
1131 4003 1290 4067 Rhapsodiis
1308 4011 1393 4059 autem,

112 4105 176 4152 quas
200 4089 267 4138 solas
292 4089 451 4142 Scholiastae
475 4090 633 4155 temporibus
657 4091 773 4154 vulgatas
796 4091 877 4140 fuisse
900 4091 1039 4140 verisimile
1058 4098 1108 4148 est,
1134 4091 1266 4139 communi
1290 4089 1395 4139 omnium

113 4176 284 4225 recentiorum
301 4186 435 4239 poetarum
452 4177 584 4225 traditioni
603 4176 693 4225 similis
711 4177 810 4225 reddita
828 4184 903 4226 esset.

181 4257 336 4322 3ΖοΙΙοα,
357 4262 375 4311 l.
396 4279 418 4311 e.
438 4264 462 4322 Ι,
483 4267 523 4311 te.

181 4345 331 4412 4Ζοοςιι,
352 4349 370 4398 l.
391 4365 413 4396 o.
429 4365 459 4411 p.
480 4353 539 4397 215.
