2986 4800
658 176 829 272 —pr—

104 384 239 447 deorum
264 388 299 444 11
322 379 512 444 mortalium
536 379 639 456 filios,
666 378 763 441 aliam
789 379 961 441 Musarum
985 377 1229 441 invocationem
1255 376 1350 460 quasi
1371 399 1388 440 e

103 500 266 566 contrario
282 498 403 584 posuit,
429 523 492 583 qua
507 498 574 562 iam
588 521 654 562 non
670 497 876 581 porropergi
891 496 1064 560 indicaret.
1101 498 1156 560 lta
1177 519 1238 560 nec
1254 496 1390 560 Platoni

102 645 206 685 novus
228 620 312 684 liber
334 619 499 702 Orphious
522 617 738 681 vindicandus
760 639 822 681 nec
844 616 1022 700 quidquam
1044 617 1258 681 mutandum¹
1282 616 1391 679 estin

101 740 263 804 versiculo
279 739 356 802 isto.

187 859 315 923 Deinde
332 857 360 920 si
375 864 502 920 rectum
520 864 581 934 est,
606 858 695 939 quod
709 879 807 940 supra
822 856 1018 934 invenimus,
1039 878 1106 919 non
1122 857 1264 919 multum
1281 855 1388 939 philo-

103 977 236 1062 sophiae
254 1002 272 1040 a
287 976 424 1060 profano
447 977 548 1059 vulgo
565 975 778 1039 absconditae
800 975 834 1038 in
851 974 976 1059 Orphei
991 975 1184 1058 Theogonis
1204 974 1387 1053 delituisse,

103 1099 168 1160 imo
193 1119 234 1160 ne
259 1103 391 1159 tantum
417 1095 549 1179 quidem
574 1103 734 1179 quantum
763 1095 796 1158 in
820 1095 986 1158 Hesiodeo
1013 1095 1103 1158 Chao
1129 1102 1228 1178 atque
1254 1096 1406 1173 Amore,

103 1218 204 1281 etiam
230 1222 353 1293 cetera,
381 1237 463 1299 qnae
488 1237 506 1278 a
528 1215 668 1278 Platone
694 1216 733 1278 de
757 1215 890 1298 Orpheo
915 1214 1084 1292 discimus,
1111 1234 1186 1276 cum
1208 1213 1334 1277 'limaci
1358 1221 1390 1277 et

104 1335 233 1420 Cratyli
248 1335 329 1399 locis
353 1335 542 1399 concinunt.
580 1336 754 1419 Nusquam
777 1335 863 1398 enim
878 1336 975 1398 Plato
997 1356 1057 1397 nos
1079 1334 1114 1398 in
1129 1332 1269 1397 Thracio
1292 1347 1390 1416 poeta

103 1456 267 1519 mirandas
284 1456 324 1518 de
341 1454 466 1518 ultimis
483 1476 590 1518 rerum
607 1454 775 1537 principiis
797 1454 1016 1518 revelationes
1034 1475 1188 1537 quaerere
1204 1453 1309 1532 iubet,
1334 1453 1390 1516 sed

102 1575 210 1639 ubivis
236 1598 311 1639 eum
334 1574 440 1658 magis
466 1574 698 1658 mysteriorum
723 1581 757 1637 et
783 1573 1068 1637 consecrationum
1094 1596 1190 1655 quam
1220 1573 1390 1660 cujusdam

103 1695 351 1779 philosophicae
380 1701 490 1757 sectae
513 1700 683 1776 parentem
710 1715 781 1757 esse
805 1693 983 1776 significat.
1030 1694 1085 1756 An
1107 1692 1281 1776 quisquam
1308 1692 1388 1756 serio

102 1814 325 1896 Protagorac²
350 1812 526 1876 crediderit
544 1813 713 1895 Orpheum
728 1823 839 1888 τελετάς
857 1836 933 1876 suas
949 1821 984 1876 11
998 1822 1176 1903 χρησμῳδίας
1197 1834 1235 1875 1ο
1253 1811 1388 1875 oonsilio

106 1933 276 1998 factitasse
294 1933 435 2017 putanti,
459 1939 498 1994 ut
514 1933 574 1995 sub
592 1939 767 2015 praetextu
784 1954 894 1995 earum
910 1931 1108 2015 sapientiam
1124 1955 1217 1995 suam
1234 1931 1388 2014 sophisti-

105 2076 176 2117 cam
192 2054 369 2116 venderet?
397 2053 515 2134 Neque
538 2074 579 2116 11
595 2053 836 2136 Euthyphrone
854 2056 897 2135 (p.
915 2054 946 2135 6)
963 2051 1088 2134 aliquid
1103 2052 1281 2130 redundat,
1305 2049 1389 2133 quod

105 2173 273 2236 doctrinae
289 2171 402 2235 mundi
417 2178 495 2254 post
510 2178 641 2255 tempus
662 2179 831 2235 aeternum
849 2170 975 2234 conditi
990 2171 1175 2254 iterumque
1191 2170 1343 2233 renovati
1358 2178 1390 2232 et

106 2291 323 2357 consummati
346 2291 525 2354 aliorumve
547 2292 740 2373 dogmatum
763 2313 821 2374 per
837 2292 1007 2375 Orpheum
1027 2291 1062 2354 in
1079 2290 1252 2353 Graeciam
1274 2291 1389 2353 advec-

102 2420 213 2498 torum
243 2410 463 2494 suspicionem
494 2410 629 2473 excitet.
678 2412 885 2494 Quamquam
910 2409 957 2473 ibi
986 2412 1109 2474 bonum
1135 2417 1169 2472 11
1196 2408 1389 2492 religiosum

105 2532 382 2615 Euthyphronem
404 2529 568 2614 Orphicae
592 2531 792 2613 theogoniae
817 2531 947 2593 fabulas
972 2530 1006 2593 in
1030 2536 1141 2592 mente
1166 2531 1305 2607 habere,
1332 2528 1390 2591 mi·

104 2650 191 2714 nime
207 2672 304 2733 nego.
343 2649 418 2713 Etsi
434 2650 521 2714 enim
536 2649 736 2712 Lobeckio
759 2650 920 2713 assentari
935 2673 1001 2713 non
1021 2672 1156 2734 possum
1172 2649 1275 2712 verba
1296 2657 1341 2717 καὶ
1356 2656 1391 2716 ἔτι

104 2804 135 2856 γε
155 2778 256 2839 τούτων
275 2779 495 2858 θαυμασιώτερα,
518 2779 535 2837 ἃ
556 2779 694 2838 11111111
714 2777 763 2838 οὐκ
783 2778 868 2838 ἴσασιν
886 2792 945 2852 pro
962 2770 1067 2833 altero
1090 2768 1241 2832 carminis
1257 2789 1389 2852 prorsus

106 2890 268 2972 ejusdem,
295 2891 384 2973 quod
405 2890 565 2953 Proculus
587 2890 718 2967 laudet,
744 2889 810 2952 iam
832 2891 1006 2952 aPlatone
1029 2889 1109 2952 lecti
1134 2888 1256 2959 indicio
1278 2885 1389 2951 vendi-

104 3010 220 3089 tanti,⁸
243 3019 356 3072 tamen
372 3009 617 3072 concedendum
636 3016 729 3092 puto,
753 3008 792 3071 iis
810 3009 969 3092 quosdam
986 3008 1150 3091 Orphicos
1171 3007 1275 3071 libros
1293 3007 1390 3070 deno·

104 3129 183 3207 tari,
210 3152 291 3212 quos
313 3126 521 3192 multitudini
541 3151 606 3191 non
630 3127 827 3191 interdictos
850 3128 996 3211 quidem,
1023 3129 1081 3191 sed
1103 3135 1217 3191 tamen
1239 3151 1258 3190 a
1279 3125 1390 3210 paucis

104 3256 236 3311 tantum
257 3228 311 3310 uel
329 3247 465 3310 curiosis
487 3249 541 3310 111
558 3248 891 3330 Orpheotelestarum
912 3247 1078 3331 mysteriis
1094 3246 1234 3310 initiatis
1251 3244 1391 3327 hornini-

105 3367 166 3430 bus
192 3366 363 3429 lectitatos
388 3366 489 3429 fuisse
515 3365 595 3429 satis
621 3373 764 3429 constet.
811 3368 894 3430 Tum
919 3389 995 3430 vero
1022 3389 1063 3430 ex
1088 3367 1146 3430 illo
1174 3366 1392 3450 Orphicarum

106 3496 204 3573 βίβλων
219 3487 332 3574 ὁμάδῳ4
349 3485 508 3570 imprimis
519 3487 712 3570 Theogonia
728 3485 827 3569 digna
844 3486 986 3566 videtur,
1005 3509 1044 3550 ex
1055 3511 1119 3571 qua
1134 3485 1243 3550 variae
1259 3486 1392 3549 fabulae

106 3606 145 3669 de
162 3605 334 3690 stupendis
350 3605 486 3669 deornm
502 3605 713 3686 facinoribus,
735 3630 815 3690 quas
831 3606 1030 3691 Euthyphro
1047 3606 1233 3691 significare
1249 3606 1391 3684 videtur,

176 3827 232 3878 ¹1d
252 3832 319 3894 quod
338 3831 529 3880 Lobeckius
548 3830 564 3878 l.
585 3845 608 3879 c.
628 3831 796 3880 multifariam
813 3830 883 3880 fecit.

174 3911 310 3981 2Ρνονὲιιρ.
326 3934 356 3982 p.
378 3919 480 3967 316D:
506 3912 649 3986 πρόσχημα
672 3913 799 3967 ποιεῖσθαι
822 3915 867 3967 καὶ
891 3913 1116 3987 προκαλύπτεσθαι
1139 3914 1198 3972 τοὺς
1223 3914 1271 3984 μὲν
1296 3912 1395 3984 ποίησιν

106 3996 160 4050 1111
171 3993 291 4070 Ὅμηρόν
308 4019 337 4052 τε
360 4001 405 4053 καὶ
419 3997 537 4053 Ἡσίοδον
560 4001 604 4052 καὶ
623 3997 776 4070 Σιμωνίδην,
801 4000 859 4057 τοὺς
878 4001 906 4052 δὲ
926 3999 957 4052 αὖ
979 4001 1086 4058 τελετάς
1107 4000 1199 4053 τεκαὶ
1223 3999 1396 4073 χρησμῳδίας

106 4084 164 4141 τοὺς
189 4081 253 4156 ἀμφί
276 4103 304 4136 τε
320 4081 419 4157 Ὀρφέα
441 4085 485 4138 καὶ
503 4082 635 4139 Μουσαῖον
657 4085 725 4146 erl„
746 4086 787 4136 Cf.
806 4090 871 4153 Rep.
891 4090 931 4147 II,
951 4091 1048 4140 36411.
1085 4088 1205 4137 Fortasse
1220 4089 1305 4138 etiam
1322 4088 1395 4137 locus

106 4173 219 4222 Phaedr.
235 4189 266 4236 p.
286 4176 336 4220 244
348 4174 376 4221 D
388 4190 426 4238 aq.
445 4173 495 4222 huc
513 4175 670 4235 referendus,
690 4171 723 4222 cf.
743 4174 806 4237 Apl.
821 4191 852 4238 p.
873 4178 921 4222 636
936 4191 974 4239 sq.

177 4253 268 4321 ³Apt.
284 4274 314 4323 p.
336 4263 394 4306 602.

174 4339 268 4408 *aaa
290 4344 329 4403 11,
349 4344 446 4393 1111.
