2986 4800
108 406 220 468 solum
244 405 369 482 Ovum,
393 405 573 470 sedetiam
597 407 763 471 Aethera¹
786 415 820 470 et
843 408 951 471 Chaos
971 410 1124 492 genuisse
1146 411 1278 477 dieitur.
1317 415 1398 477 Ubi-

109 547 241 607 cunque
258 525 343 587 enim
359 529 465 610 Χρόνος
481 527 531 588 vel
548 525 665 587 similis
683 526 763 590 deus
779 527 812 589 in
825 528 1027 591 Phoenicum
1045 531 1267 613 cosmogoniis
1284 555 1397 598 oecur-

107 645 164 722 rit,
183 651 242 708 aut
258 667 323 707 una
339 666 413 707 cum
429 643 542 727 primis
559 645 687 709 duobus
704 645 872 730 principiis
888 648 1113 713 materialibus
1128 659 1319 716 recensetur
1336 675 1396 717 nec
1461 677 1466 687 '

108 772 222 828 tamen
238 763 302 841 ita,
325 771 362 827 ut
378 764 431 827 vel
447 772 541 847 pater
556 766 609 829 vel
628 766 738 848 proles
761 788 873 830 eorum
895 767 1061 847 dicatur,²
1085 776 1143 833 aut
1164 792 1239 834 cum
1254 772 1398 836 Materia

110 907 151 947 ex
167 885 260 947 Chao
277 896 311 946 et
327 883 452 966 Spiritu
471 894 641 968 procreata
662 885 696 948 iu
718 909 815 949 unam
836 887 904 951 coit
924 910 1098 972 personam
1120 890 1394 974 mythologicam.

109 1003 225 1087 Ipsum
244 1010 352 1067 autem
374 1003 433 1067 illa
451 1003 612 1088 principia
632 1005 803 1088 genuisse,
827 1030 987 1090 nusquam
1010 1016 1171 1073 narratur.
1211 1009 1345 1073 Etenim
1368 1011 1396 1073 si

112 1122 187 1206 quid
211 1122 325 1200 video,
350 1122 532 1187 Phoenices
556 1125 685 1208 proprie
710 1125 756 1188 sic
781 1125 860 1188 mihi
883 1127 1037 1190 videntur
1059 1129 1287 1214 philosophati
1310 1152 1393 1194 esse.

110 1243 256 1306 Primum
271 1244 414 1327 Tempus
430 1250 598 1307 aeternum
623 1244 724 1309 fuisse
741 1245 902 1309 ferebant.
938 1248 1019 1309 Cum
1041 1255 1152 1311 autem
1174 1230 1338 1331 quomodo
1356 1271 1395 1312 ex

111 1365 169 1427 hae
185 1363 275 1427 nuda
290 1372 324 1426 et
340 1363 447 1426 sterili
461 1364 619 1447 temporis
635 1364 770 1429 notione
788 1388 900 1428 omnes
920 1388 970 1429 res
991 1367 1139 1432 visibiles
1158 1375 1259 1451 atque
1280 1367 1392 1432 invisi·

111 1483 190 1547 biles
217 1483 382 1567 procreari
405 1484 593 1568 potuissent
617 1484 749 1547 minime
775 1493 963 1569 appareret,
988 1487 1093 1550 altera
1117 1494 1212 1550 eraut
1234 1487 1394 1572 principia

114 1603 269 1682 addenda,
284 1603 390 1686 magis
407 1604 449 1666 ad
465 1605 620 1667 mundum
639 1604 848 1667 efficiendum
864 1605 993 1668 idonea.
1019 1606 1264 1671 Quaerentibus
1278 1607 1391 1690 igitur,

112 1746 189 1806 quae
207 1745 245 1786 ea
266 1731 393 1801 essent,
416 1723 637 1787 Phoenicibus
657 1723 744 1787 sicut
764 1725 879 1787 multis
900 1724 973 1787 aliis
996 1725 1152 1808 gentibus
1173 1726 1333 1810 placuit,³
1355 1734 1393 1789 ut

110 1864 147 1905 ex
171 1843 326 1926 analogia
350 1842 539 1907 animalium
566 1851 600 1906 et
624 1844 816 1927 praesertim
842 1843 952 1908 avium
977 1867 1018 1908 ex
1041 1845 1166 1928 Spiritu
1192 1853 1226 1909 et
1251 1846 1393 1910 Materia

107 1963 177 2026 rudi
195 1970 229 2026 et
245 1961 412 2046 indigeste
428 1963 562 2046 aliquod
581 1985 693 2027 semen
716 1965 767 2026 vel
790 1975 969 2050 σπερματικὸν
988 1967 1157 2028 humorem
1178 1965 1337 2029 elicerent
1358 1973 1392 2029 et

108 2104 145 2145 ex
161 2105 200 2146 eo
219 2083 304 2146 illud
325 2082 437 2146 mundi
459 2096 528 2170 ζῷον
548 2082 595 2145 ita
615 2082 810 2160 formarent,
832 2090 871 2146 ut
893 2105 965 2146 eum
987 2083 1020 2147 in
1038 2086 1110 2147 Ονο
1131 2084 1295 2150 inclusum
1317 2108 1391 2168 pro-

107 2204 244 2267 cedente
260 2211 409 2286 tempore
425 2203 622 2266 maturuisse
637 2209 671 2264 et
683 2201 787 2265 instar
801 2202 980 2267 columbini
993 2203 1103 2266 foetus
1118 2203 1151 2267 in
1165 2204 1235 2267 dies
1249 2204 1389 2267 crevisse

107 2322 280 2407 fingerent.
307 2323 399 2386 Haec
413 2322 516 2406 igitur
531 2322 624 2406 quasi
637 2321 837 2386 lineamenta
849 2345 920 2385 esse
934 2345 1044 2387 eorum
1059 2323 1290 2407 cosmogoniae
1304 2322 1389 2386 arhi-

104 2450 183 2507 tror.
217 2442 311 2507 Quae
326 2450 440 2506 tamen
458 2442 574 2506 mirum
596 2442 630 2505 in
652 2442 786 2506 modum
807 2443 848 2507 ab
871 2442 944 2506 aliis
965 2444 1061 2507 aliter
1082 2444 1257 2529 disposita,
1280 2451 1388 2521 aircta,

105 2570 263 2627 exornata
279 2572 368 2628 sunt.
401 2563 442 2626 In
457 2562 562 2647 prima
578 2562 663 2625 enim
681 2563 983 2626 Sanchuniathonis
999 2563 1178 2626 relatione⁴
1199 2563 1239 2626 de
1256 2564 1388 2626 Chrono

105 2684 162 2747 deo
179 2684 262 2747 nihil
280 2683 432 2761 traditur,
453 2684 511 2746 sed
527 2682 587 2745 illa
602 2689 670 2751 Μώτ
685 2703 774 2745 mera
789 2689 841 2744 est
856 2682 993 2746 materia
1009 2682 1077 2745 sive
1094 2705 1178 2765 aqua
1194 2682 1388 2746 seminosa.⁶

103 2841 131 2850 =-.
138 2843 339 2850 *μ-
350 2842 511 2850 ..-—--..—-—
524 2842 529 2848 .

170 2924 179 2954 ¹
200 2928 297 2976 Saddar
314 2944 337 2976 ο.
356 2921 465 2996 Ὀρφεὺς
484 2927 526 2991 (p.
551 2930 614 2976 1176
634 2927 647 2975 b
666 2927 705 2976 ed.
725 2926 850 2989 Berob.):
876 2920 941 2976 llius
959 2921 1008 2996 γὰρ
1027 2923 1066 2976 ὅτι
1084 2923 1197 2996 ἐξαρχῆς
1215 2922 1354 2997 ἀνεδείχθη
1374 2925 1387 2977 ὁ

103 3010 179 3084 αἰθήρ
194 3050 201 3065 .
214 3050 221 3063 .
233 3050 240 3063 .
254 3012 298 3063 καὶ
317 3009 436 3063 ἐντεῦθεν
448 3017 492 3063 τοῦ
512 3009 614 3083 αἰθέρος
626 3012 657 3082 ἠν
670 3011 743 3083 χάος,
763 3011 807 3061 καὶ
819 3009 862 3069 νὺξ
873 3008 971 3081 φοβεροὶ
983 3010 1066 3061 πάντα
1078 3015 1188 3082 κατεῖχε
1202 3009 1246 3062 καὶ
1260 3009 1387 3062 ἐκάλυπτε

101 3097 131 3148 τὰ
150 3096 200 3149 ὑπὸ
218 3097 262 3148 τὸν
281 3096 373 3169 αἰθέρα
391 3096 449 3149 κτλ.
485 3098 556 3147 Haec
575 3112 608 3146 ex
626 3097 752 3146 Hellanici
771 3097 911 3160 theogonia
929 3106 1031 3160 sumpta
1049 3112 1118 3158 esse,
1145 3104 1169 3145 et
1188 3097 1264 3145 verba
1286 3099 1344 3160 ipsa
1362 3105 1388 3146 et

101 3199 165 3246 quoe
185 3185 252 3247 apud
273 3183 379 3232 Suidam
401 3192 542 3247 sequuntur
559 3184 743 3232 demonstrant.
894 3180 896 3184 ’

167 3267 237 3318 ²Ita
256 3267 358 3319 Sidonii
383 3270 523 3318 secuudum
545 3269 654 3318 Eudemi
678 3268 826 3316 relationem
850 3262 947 3338 Χρόνον
965 3263 1127 3318 ὑποτίθενται
1149 3266 1202 3318 καὶ
1226 3264 1311 3320 Πόθον
1334 3267 1387 3319 καὶ

98 3347 238 3426 Ἠμίχλην.
260 3356 392 3418 (Damaso.
413 3356 431 3405 l.
451 3355 486 3419 c.)

167 3437 178 3466 ³
198 3441 327 3502 Equidem
345 3441 394 3490 hoc
418 3441 524 3489 nonita
546 3439 653 3502 intelligi
672 3439 744 3498 volo,
770 3439 843 3502 quasi
862 3438 1004 3489 Phoenices
1023 3455 1084 3488 casu
1103 3446 1128 3488 et
1146 3439 1251 3489 fortuitu
1269 3441 1295 3489 in
1319 3441 1385 3489 lianc

98 3524 237 3574 inciderint
254 3527 399 3590 analogiam
419 3526 549 3591 (Zeller‚
567 3527 590 3576 l:
600 3545 621 3576 0.
635 3527 659 3585 Ι,
673 3527 727 3587 tl),
748 3527 791 3573 sed
810 3526 926 3574 videntur
945 3526 1015 3574 illam
1033 3526 1143 3574 universi
1161 3526 1261 3589 generis
1280 3525 1385 3574 humani

99 3613 261 3660 traditionem
280 3613 361 3661 secuti
380 3627 445 3671 esse,
464 3628 530 3674 quae
548 3612 623 3661 nobis
642 3612 669 3659 in
683 3610 762 3659 Sacra
781 3610 912 3674 Scriptura
931 3611 1009 3674 (Gen.
1030 3618 1053 3672 i,
1071 3611 1099 3674 2)
1119 3627 1195 3674 quam
1214 3612 1384 3660 sincerissime

98 3699 232 3762 proposita
255 3707 301 3747 est.
337 3699 395 3748 Nou
415 3700 484 3748 enim
502 3713 568 3762 quae
592 3696 670 3746 fuerit
692 3697 849 3760 singularum
871 3699 986 3760 gentium
1012 3706 1103 3746 natura
1125 3704 1151 3746 et
1173 3697 1272 3745 indoles
1297 3711 1329 3744 ex
1353 3712 1384 3746 eo

99 3785 274 3848 cognoscitur,
302 3785 429 3848 quomodo
448 3801 522 3835 suum
546 3799 663 3848 quaeque
682 3784 874 3846 cosmogooiam
896 3798 967 3832 mera
985 3783 1141 3845 cogitatione
1165 3782 1312 3844 finxerit,
1339 3784 1385 3832 sed

98 3871 228 3932 quomodo
252 3870 347 3919 samam
370 3871 474 3919 illama
497 3871 587 3936 primis
605 3870 753 3918 hominibus
771 3879 904 3932 acceptam
928 3870 953 3916 iu
972 3868 1096 3934 memoria
1120 3868 1315 3929 custodiverint,
1340 3885 1383 3918 ex-

97 3957 237 4018 pinxerint,
256 3957 460 4006 deformaverint.

166 4039 409 4094 ⁴RNQQ

166 4123 178 4153 ⁵
196 4126 237 4176 ef.
256 4128 362 4177 Ewald
382 4131 400 4179 l.
421 4148 443 4178 c.
459 4147 489 4194 p.
510 4134 551 4179 32.
588 4127 698 4177 Videtur
715 4135 800 4176 tamen
818 4127 857 4175 vir
874 4126 992 4190 egregius
1010 4125 1073 4175 iliud
1085 4119 1153 4178 Μώτ
1170 4125 1255 4176 minus
1273 4127 1384 4175 feliciter

97 4213 128 4261 ab
148 4214 262 4262 Arabico
280 4215 371 4262 madde
395 4215 519 4274 ,materia‘
540 4214 662 4262 derivare.
699 4210 753 4260 Cur
771 4213 840 4260 enim
858 4212 934 4260 verba
948 4247 954 4261 .
970 4249 976 4261 .
995 4211 1094 4280 ἐγένετο
1113 4206 1189 4263 hlaiv.
1225 4210 1300 4263 τοῦτό
1318 4210 1383 4268 τινές

96 4316 171 4369 φασιν
191 4296 255 4357 ἰλύν,
275 4298 298 4348 οἱ
317 4298 346 4349 δὲ
364 4295 511 4355 ὑδατώδους
528 4284 621 4367 Ιμίξεως
639 4295 715 4366 σῆψιν
733 4305 854 4359 tanquam
870 4296 985 4345 Philonis
1004 4297 1088 4362 Byblii
1107 4298 1281 4346 additamenta
1298 4297 1383 4346 futilia

96 4394 123 4437 et
147 4388 179 4435 ad
204 4399 291 4434 verum
310 4386 379 4434 illius
403 4387 474 4434 vocis
493 4403 596 4437 sensum
620 4384 793 4447 indagandum
811 4381 913 4433 inutilia
936 4382 1079 4447 respuenda
1097 4384 1161 4444 siut,
1186 4397 1237 4432 uon
1256 4383 1380 4447 intelligo.
