2986 4800
680 172 720 233 8⁷

51 385 122 455 tur,
140 387 253 441 tamen
270 375 300 438 ei
316 375 416 439 etiam
432 397 506 437 cum
522 375 665 437 Hercule
676 374 848 458 Tyriorum
864 373 995 437 videtur
1011 374 1192 438 similitudo
1209 376 1341 440 l'uisse.¹

53 499 176 581 Neque
193 495 389 594 mirandum,
407 494 435 556 si
450 494 654 572 Hellanicus,
671 501 766 577 pater
781 493 881 572 illius,
898 493 1173 577 quiTheogoniae
1190 518 1267 558 suae
1283 495 1344 559 ini-

55 618 142 681 tium
166 618 208 680 ab
232 615 375 679 Hercule
399 613 558 697 cepisset,
585 613 689 677 filium
713 614 823 698 aliquo
847 615 945 696 hujus
969 613 1022 677 dei
1045 614 1176 678 nomine
1202 614 1341 678 ornavit.

57 739 144 800 Puto
176 736 295 818 igitur,
320 734 417 797 illum
442 733 652 797 Hellanicum
682 758 701 797 a
725 734 900 798 Damascio
932 734 1116 798 adhibitum
1144 734 1345 799 Phoenicem

60 857 160 920 luisse
192 862 271 938 post
300 854 473 917 medium
503 855 711 918 saeculum
741 856 963 918 secundum
990 878 1009 918 a
1033 854 1100 916 Ch.
1127 861 1254 917 natum.
1299 854 1345 916 Et

62 976 201 1039 sortasse
227 974 296 1057 ipse
326 974 391 1037 iam
417 973 548 1036 Stoicus
578 983 648 1037 erat
676 973 763 1036 sicut
787 975 1012 1058 Apollodorus
1041 997 1155 1057 nepos.
1201 973 1346 1036 Nam'si

64 1095 192 1160 Stoicae
208 1101 320 1158 sectae
337 1094 565 1156 scholarchas²
582 1094 849 1176 perlustraveris,
871 1096 982 1177 plures
998 1094 1043 1157 ibi
1060 1116 1155 1176 quam
1173 1093 1207 1156 in
1227 1092 1345 1156 ceteris

65 1214 184 1280 scholis
201 1214 438 1296 deprehendes,
456 1213 513 1296 qui
527 1214 580 1276 vel
598 1236 638 1276 ex
653 1213 725 1295 ipsa
734 1213 913 1277 Phoenicia
928 1214 982 1277 vel
998 1236 1039 1277 ex
1050 1215 1158 1298 Cypro
1175 1215 1229 1277 vel
1245 1214 1346 1276 Tarso

67 1334 125 1398 orti
140 1332 281 1412 fuerint,
304 1332 352 1397 ita
367 1340 405 1396 ut
423 1333 657 1416 suspicandum
677 1332 736 1411 sit,
761 1335 876 1396 harum
898 1333 1068 1416 regionum
1091 1333 1240 1396 homines
1260 1333 1347 1396 inter

67 1476 175 1519 omnes
192 1454 408 1538 philosophos
424 1453 566 1517 maxime
581 1455 764 1532 Zenonem,
785 1455 977 1536 popularem
994 1477 1105 1531 suum,
1130 1451 1185 1535 qui
1200 1451 1346 1515 Stoicam

69 1576 211 1638 scholam
228 1572 426 1650 condiderit,
451 1582 583 1636 secutos
600 1575 703 1638 esse³
736 1573 835 1637 Quod
851 1573 879 1636 si
894 1573 942 1637 ita
958 1580 1025 1652 est,
1048 1571 1242 1636 Hellanicus
1249 1621 1259 1650 ,
1283 1595 1346 1654 quo

67 1702 154 1759 erant
172 1692 278 1757 Stoici
296 1693 371 1756 inde
392 1716 410 1756 a
428 1693 612 1778 Chrysippo
635 1694 770 1757 deorum
791 1693 971 1776 patriorum
992 1694 1244 1775 fabularumque
1264 1694 1347 1776 phy-

65 1813 126 1879 sice
152 1813 425 1897 explicandorum
448 1812 576 1891 studi0,
603 1813 701 1877 facile
726 1814 925 1897 theogoniae
955 1813 1146 1876 condendae
1176 1811 1348 1875 consilium

10 1992 14 1998 .
63 1955 179 2018 capere
198 1932 339 2016 potuit*
371 1934 436 1996 Sed
459 1955 533 1995 cum
555 1939 589 1995 et
605 1933 738 1996 Stoicus
760 1941 848 1997 esset
870 1942 905 1997 et
919 1933 1141 2011 Phoeniceus,
1165 1933 1243 2015 quid
1265 1931 1348 1995 veri·

61 2053 219 2131 similius,
243 2076 341 2136 quam
358 2075 432 2116 eum
450 2051 584 2116 Graecis
601 2052 722 2116 fabulis
742 2060 776 2116 et
793 2053 921 2116 Stoicas
945 2053 1102 2135 quasdam
1125 2052 1294 2137 opiniones
1315 2058 1349 2114 et

61 2173 268 2238 Phoeniceae
285 2172 476 2256 theologiae
492 2173 651 2236 nonnulla
667 2171 829 2236 lenocinia
845 2171 1079 2236 admiscuisse?
1117 2172 1194 2235 Non
1214 2194 1347 2254 parvam

61 2294 166 2378 igitur
182 2292 427 2376 probabilitatis
444 2291 587 2375 speciem
603 2299 716 2356 nostra
738 2293 778 2355 de
799 2300 933 2356 auctore
950 2290 1225 2376 Hieronymianae
1242 2291 1348 2355 Theo·

59 2413 179 2497 goniae
206 2413 397 2498 conjectura
424 2412 539 2490 ducet,
566 2412 594 2474 si
622 2412 972 2490 demonstraverimus,
999 2434 1070 2476 esse
1100 2411 1134 2475 in
1163 2411 1238 2489 illa,
1265 2433 1348 2495 quae

59 2534 179 2597 mirum
196 2532 230 2596 in
246 2533 379 2596 modum
400 2533 453 2595 vel
475 2554 549 2595 cum
566 2533 752 2596 Stoicorum
774 2532 959 2618 praeceptis
981 2534 1034 2596 vel
1055 2556 1129 2595 cum
1145 2531 1348 2595 Phoeniceo·

60 2677 132 2717 rum
158 2654 393 2736 theologorum
417 2651 552 2715 somniis
583 2660 779 2735 congruant.
825 2652 972 2715 Primum
1000 2652 1170 2716 videamus
1199 2653 1239 2715 de
1268 2650 1347 2713 illis.

63 2773 169 2838 Stoici
192 2773 295 2856 igitur
319 2775 436 2836 Jovem
464 2772 517 2835 vel
545 2750 661 2855 „legis
691 2781 868 2856 perpetuae
900 2779 935 2839 et
963 2779 1117 2838 aeternae
1146 2771 1265 2835 vim“⁶
1297 2771 1349 2836 vel

68 2950 236 2958 ..-.-———
246 2949 492 2957 --—-—--—-—-.

130 3066 140 3096 ¹
160 3067 200 3116 Cf.
221 3069 358 3128 Movere,
378 3069 429 3117 Die
446 3070 597 3118 Phoeeiaicr
613 3067 701 3132 (Borm
722 3069 807 3131 1841),
827 3071 850 3128 Ι,
869 3074 927 3118 460.

129 3152 141 3182 ²
160 3153 202 3202 Cf.
222 3155 346 3217 Zumpt,
370 3155 450 3204 Ueder
461 3157 510 3204 dea
522 3157 638 3204 Bestand
649 3156 696 3204 der
710 3156 804 3219 philos.
820 3156 930 3204 Sekaisa
945 3157 973 3203 io
984 3157 1068 3205 Athen
1080 3157 1132 3204 und
1147 3157 1189 3204 die
1202 3156 1349 3205 Saces-saion

61 3245 106 3290 der
120 3241 293 3290 Scholarclten
312 3240 388 3302 (Aba.
403 3241 430 3288 d.
444 3241 470 3288 lc.
485 3240 536 3289 Alc.
555 3257 585 3288 aa
597 3241 690 3289 Berlin
708 3243 770 3287 1842
784 3257 809 3289 a.
824 3241 877 3301 43),
893 3259 922 3304 p.
938 3245 969 3288 99
983 3258 1032 3305 sq„
1049 3240 1082 3287 cf.
1096 3241 1174 3304 Dioy.
1188 3241 1221 3289 L.
1240 3241 1302 3300 VII,
1321 3245 1348 3288 6:

60 3327 188 3375 Persaeus
214 3323 350 3383 citiensis;
376 3329 420 3372 26:
447 3325 575 3388 Antipatri
601 3325 700 3374 Sidonii
726 3326 851 3388 eloginm;
877 3331 922 3374 38:
948 3327 1018 3374 Zeno
1044 3325 1180 3388 Sidonius3
1207 3333 1251 3376 41:
1277 3329 1348 3375 Zeno

61 3412 213 3472 Tarsensis3
244 3415 303 3459 121:
332 3411 480 3460 Heraclides
509 3420 534 3460 et
557 3413 692 3475 Antipater
715 3412 870 3473 Tarsenses;
901 3417 961 3460 139:
989 3413 1126 3476 Antipater
1149 3413 1255 3476 Tyrius;
1287 3417 1346 3462 179:
1438 3435 1445 3447 =

61 3497 222 3560 Chrysippus
242 3497 358 3545 Solensis
376 3497 415 3544 vel
434 3498 578 3557 Tarsensis,
598 3497 632 3546 ci.
651 3498 769 3558 ZeIIer,
790 3500 808 3547 l.
829 3517 850 3548 c.
872 3501 928 3558 III,
947 3500 970 3559 I,
989 3505 1021 3548 36
1041 3501 1075 3550 N.
1097 3506 1120 3548 5.
1212 3555 1216 3563 ¹

130 3578 200 3630 ³Cs.
228 3597 294 3644 quae
318 3584 387 3646 Dioy
405 3584 438 3633 L.
462 3583 528 3642 VII,
552 3588 566 3631 6
586 3584 617 3631 de
641 3584 782 3633 honoribus
806 3592 893 3634 narrat
909 3586 1008 3634 Zenoni
1026 3600 1042 3633 a
1060 3586 1156 3635 civibus
1181 3585 1263 3649 ipsius
1288 3599 1347 3633 con·

61 3669 151 3717 cessis.
189 3667 238 3715 Ubi
258 3668 335 3716 etiam
353 3667 376 3717 ol
395 3667 421 3719 ἐν
440 3664 531 3718 Σιδῶνι
550 3663 647 3724 Κιτιεῖς
665 3671 834 3719 nominantur.

130 3750 141 3781 ⁴
162 3755 214 3804 Oic.
241 3756 274 3803 N.
294 3757 331 3804 D.
351 3757 379 3814 I,
405 3760 448 3816 15,
472 3761 517 3804 39:
544 3754 703 3819 Chrysippus
725 3785 752 3792 —
773 3773 893 3820 maguam
917 3759 1016 3806 turbam
1041 3766 1180 3820 congregat
1202 3758 1349 3819 ignotorum

60 3841 168 3889 deorum
187 3846 264 3902 atque
282 3841 318 3888 ita
335 3841 492 3902 ignotorum,
513 3849 541 3890 ut
559 3856 603 3890 eos
622 3858 653 3890 ne
670 3843 817 3905 conjectura
836 3845 939 3907 quidem
957 3844 1094 3892 informare
1111 3843 1250 3906 possimus,
1270 3859 1349 3906 quum

60 3941 134 3975 mens
152 3935 240 3974 nostra
259 3925 359 3988 quidvis
377 3926 492 3976 videatur
510 3927 665 3989 cogitatione
682 3944 759 3992 posse
778 3931 923 3993 depingere.

130 4008 141 4038 ⁵
162 4012 214 4061 Cic.
233 4013 267 4060 ib.
285 4013 309 4071 I,
327 4016 366 4070 15,
380 4018 424 4060 40:
445 4011 603 4078 Chrysippus
622 4015 735 4077 disputat
752 4016 855 4064 aethera
874 4030 930 4064 esse
948 4030 1014 4075 eum,
1034 4031 1117 4078 quem.
1128 4015 1245 4065 homines
1256 4017 1349 4066 Jovem

59 4097 230 4160 appellarent.
253 4125 280 4131 -
302 4098 424 4159 Idemque
443 4099 520 4147 etiam
537 4100 602 4163 legis
619 4108 758 4165 perpetuae
777 4110 802 4150 et
820 4109 938 4150 aeternae
955 4102 1016 4161 rim,
1036 4116 1102 4164 quae
1120 4103 1193 4164 quasi
1211 4103 1264 4151 dux
1281 4104 1348 4152 vitae

61 4191 86 4232 et
104 4181 228 4245 magistra
246 4181 389 4230 officiorum
408 4184 450 4245 sit,
469 4186 561 4233 Jovem
574 4186 637 4234 dicit
654 4201 710 4235 esse
723 4188 890 4250 eamdemque
908 4187 1011 4235 fatalem
1027 4189 1208 4237 necessitatem
1226 4189 1346 4251 appellat.

62 4272 136 4335 Oonf.
156 4269 235 4332 Diop.
256 4269 289 4317 L.
313 4268 380 4326 VII,
404 4273 464 4317 147:
491 4265 555 4320 Θεὸν
574 4267 638 4320 εἶναι
658 4270 721 4341 ζῷον
747 4268 873 4322 ἀθάνατον
896 4300 922 4308 -
943 4272 1108 4342 προνοητικὸν
1131 4271 1228 4339 κόσμου
1252 4291 1280 4323 τε
1304 4271 1348 4323 καὶ

60 4362 113 4408 τῶν
131 4353 158 4406 ἐν
176 4352 276 4426 κόσμῳ.
296 4382 328 4390 -
348 4350 422 4408 Εἶναι
440 4353 469 4408 δὲ
486 4355 529 4406 τὸν
554 4356 601 4425 μὲν
619 4355 772 4431 δημιουργὸν
796 4365 848 4409 τῶν
866 4355 934 4409 ὅλων
951 4356 997 4411 καὶ
1021 4359 1105 4428 ὥσπερ
1124 4358 1223 4428 πατέρα
1246 4357 1347 4409 πάντων
