2986 4800
709 209 748 269 ll

81 432 198 474 omnes
222 409 357 473 illorum
387 409 523 472 deorum
553 409 804 492 conjunctiones
829 409 1038 473 matrimonia
1062 411 1178 474 habita
1202 432 1289 488 esse,
1317 411 1372 495 qui

66 528 272 594 nominibus
302 527 509 592 naturalibus
539 527 682 612 praediti
706 535 740 592 et
765 528 871 612 magis
899 529 1073 593 notionum
1098 530 1249 593 tenuium
1274 554 1372 613 quam

78 671 296 734 personarum
317 647 533 711 animantium
554 654 672 711 natura
688 655 723 711 et
744 648 862 712 habitu
882 648 991 712 induti
1006 648 1074 712 sint
1090 649 1209 732 quique
1226 673 1245 713 a
1260 671 1372 714 recen-

78 768 177 832 tioris
208 762 281 831 aevi
311 766 500 830 hominibus
530 766 734 850 cogitatione
760 766 841 845 ficti,
867 791 933 831 non
962 769 1004 831 ab
1028 769 1148 832 ultima
1172 769 1371 852 antiquitate

78 887 209 972 recepti
229 885 434 951 videantur.¹
471 887 512 949 In
534 886 606 971 ipsa
623 887 756 950 Proculi
777 887 970 970 Theogonia
992 888 1138 970 Orphica
1158 888 1258 951 Terra
1277 900 1370 976 πρώτη

77 1015 170 1094 νύμφη
192 987 375 1070 vecabatur
397 1004 531 1087 eiusque
553 1027 627 1069 cum
645 1005 747 1070 Coelo
770 1006 963 1093 conjugium
983 1017 1129 1094 πρώτιστος
1142 1017 1242 1094 γάρος,
1259 1031 1371 1090 quam·

78 1127 130 1189 vis
153 1125 314 1189 Phanotis
337 1146 411 1188 cum
432 1124 542 1188 Nocte
564 1125 813 1203 commercium,
836 1148 878 1190 ex
899 1149 962 1208 quo
985 1125 1106 1189 Coelus
1127 1133 1162 1190 et
1182 1128 1281 1189 Terra
1301 1127 1372 1190 nati

80 1253 174 1322 sunt,
192 1243 244 1307 his
260 1244 409 1308 versibus
427 1244 629 1307 celebretur:

256 1364 260 1368 ’
364 1362 505 1432 ποιμαίνων
522 1363 684 1436 πραπίδεσσιν
703 1364 851 1432 σἰνόμματυν
870 1365 938 1417 ὠκὺν
958 1364 1042 1437 ἔρωτα

84 1439 120 1495 et

366 1515 442 1574 αὐτὸς
461 1516 506 1587 ἑῆς
524 1516 572 1590 γὰρ
590 1517 680 1574 παιδὸς
698 1515 818 1589 ἀφείλετο
836 1517 937 1590 κούριον
956 1517 1040 1576 άνθυς.

170 1617 211 1680 Id
236 1619 320 1700 quod
348 1619 531 1682 Proculus²
563 1618 611 1681 ite
632 1625 783 1682 excusat:
810 1627 922 1702 οἰκεῖος,
946 1618 1069 1703 inquit,
1096 1630 1218 1708 ὁγάμος
1241 1634 1276 1709 τῇ
1299 1629 1369 1698 τάξει

77 1745 165 1824 ταύτῃ
190 1775 222 1784 -
248 1744 361 1824 Πρώτην
383 1748 434 1825 γὰρ
455 1746 558 1826 νύμφην
586 1748 719 1807 ἀποκαλεῖ
734 1750 782 1826 rhu
802 1748 857 1826 Γῆν
876 1749 921 1808 καλ
941 1749 1087 1826 πρώτιστον
1111 1749 1196 1827 γάμον
1214 1750 1262 1827 τὴν
1281 1751 1372 1810 ἕνωσιν

77 1865 164 1943 αὐτῆς
177 1866 225 1943 τὴν
238 1865 305 1942 πρὸς
318 1867 364 1925 τὸν
379 1863 497 1943 Οὐρανόν
511 1911 519 1926 .
535 1909 542 1925 .
558 1909 566 1925 .
582 1866 706 1944 Φάνητυς
721 1868 751 1926 δὲ
771 1867 820 1927 οὐκ
836 1867 891 1927 ἔστι
905 1869 991 1945 γάμος
1010 1869 1154 1946 ἡνωμένοιν
1168 1869 1291 1947 ἀλλήλοις
1311 1892 1371 1945 νοη·

73 1990 130 2050 πῶς
223 1985 269 2044 καὶ
284 1983 355 2045 ἔοικε
370 1987 413 2045 διὰ
428 1988 513 2045 ταῦτα
528 1985 573 2045 καὶ
588 1985 693 2063 οὐρανῷ
707 1984 794 2062 τούτῳ
810 1985 855 2044 κοιλ
868 1990 904 2064 γῇ
919 1987 1062 2064 προσήκειν
1077 1989 1091 2046 ὃ
1105 1983 1194 2065 γάμος
1209 2031 1216 2047 .
1232 2031 1240 2047 .
1256 2031 1263 2047 .
1279 2032 1286 2047 .
1302 1987 1316 2046 θ
1333 1983 1369 2066 δὴ

75 2103 122 2164 καὶ
136 2104 162 2162 οἱ
175 2103 276 2181 θεσμοὶ
289 2109 343 2163 τῶν
355 2101 503 2181 Ἀθηναίων
513 2103 613 2170 εἰδότες
621 2105 800 2180 προσέταττον
809 2101 922 2182 Οὐρανῷ
938 2104 982 2163 καλ
991 2104 1033 2184 Γῇ
1042 2108 1180 2181 προτελεῖν
1193 2106 1256 2172 τοὺς
1269 2107 1371 2183 γάμους

74 2229 135 2283 κτλ.
172 2212 264 2276 Quid
286 2212 403 2295 igitur,
430 2213 458 2275 ei
479 2213 512 2276 in
534 2222 645 2277 vetere
662 2213 788 2296 Orphei
804 2214 995 2297 Theogonia
1017 2214 1158 2277 similem
1179 2215 1213 2278 in
1234 2215 1370 2278 modum

77 2356 148 2395 non
164 2332 288 2395 Coelus
304 2339 338 2395 et
354 2333 463 2410 Terre,
487 2356 625 2416 qnorum
644 2332 710 2395 iam
724 2332 857 2395 nomina
872 2333 1036 2397 naturalia
1056 2333 1162 2417 magis
1178 2340 1256 2396 sunt
1272 2356 1370 2417 quam

79 2451 238 2536 positiva,
249 2452 308 2514 sed
319 2452 472 2515 Oceanus
483 2459 517 2517 et
527 2453 653 2536 Tethys
665 2459 815 2515 auctores
833 2460 867 2515 et
882 2452 1012 2537 patroni
1027 2453 1245 2516 tradebantur
1259 2452 1371 2516 matri-

80 2570 206 2634 monii?
231 2570 330 2634 Certe
347 2593 403 2635 eos
419 2571 498 2635 deos
510 2571 691 2635 maritimos
703 2570 892 2656 aptissimos
901 2571 1014 2650 fuisse,
1028 2572 1069 2635 ad
1080 2595 1161 2655 qnos
1172 2571 1373 2636 matrimonii

83 2696 176 2753 ortus
189 2689 288 2753 relati
303 2690 380 2768 sint,
393 2712 468 2753 cum
478 2690 699 2754 Aristoteles³
715 2691 833 2761 ¹docere
849 2697 972 2774 potest,
991 2691 1046 2774 qui
1063 2691 1222 2774 quosdam
1238 2692 1372 2776 physio·

82 2810 180 2894 logos
192 2816 227 2874 et
236 2810 414 2892 theologos
424 2816 599 2892 propterea
609 2831 727 2893 equam
737 2809 883 2872 omnium
893 2831 1001 2872 rerum
1010 2809 1206 2894 principium
1216 2811 1372 2875 habuisse

81 2928 185 3007 dicat,
203 2929 291 3012 quod
301 2928 411 2992 omnia
420 2951 461 2992 ex
470 2928 602 2992 madido
613 2927 705 3018 nasci
714 2928 888 2993 videantur
894 2954 903 3005 ;
921 2937 993 2991 tum
1004 2928 1073 3012 ipse
1083 2929 1258 3008 Homerus,
1275 2951 1373 3012 quem

80 3170 140 3233 ipse
159 3170 232 3230 deus,
253 3170 296 3232 qui
315 3171 372 3219 aliis
390 3170 455 3219 locis
473 3170 589 3220 omnium
607 3171 713 3218 deorum
733 3170 887 3233 principium
905 3178 1018 3231 vocatur,
1038 3168 1112 3219 Coeli
1130 3170 1197 3220 filius
1216 3177 1263 3221 est.
1299 3170 1373 3220 Atta-

32 3303 35 3307 .
80 3269 143 3304 men
168 3254 204 3304 cf.
230 3270 296 3318 quae
320 3255 344 3303 N
351 3256 590 3319 iigelsbachius
616 3256 645 3321 (l.
665 3271 688 3304 c.
708 3271 733 3319 p.
755 3255 797 3318 78)
822 3256 849 3304 in
873 3255 1027 3304 contrariam
1050 3262 1150 3319 partem
1174 3257 1320 3320 disputavit.
1341 3285 1372 3293 —

80 3341 236 3389 Alexander
253 3340 369 3404 Aphrod.
389 3340 530 3389 Hesiodum
555 3356 607 3389 non
628 3356 644 3389 a
663 3339 745 3400 Chao,
771 3341 816 3389 sed
835 3355 850 3388 a
867 3340 948 3390 Nocte
973 3341 1025 3389 filie
1043 3342 1185 3390 ordientem
1203 3343 1272 3402 facit,
1293 3343 1372 3391 eade

80 3440 165 3475 causa
192 3427 292 3488 opinor,
320 3426 390 3488 quod
415 3427 439 3475 ei
462 3425 522 3475 Nox
547 3427 638 3476 saltem
661 3426 793 3488 aliquanto
818 3425 919 3488 dignior
943 3426 1005 3476 deae
1029 3427 1133 3476 nomine
1156 3428 1212 3476 visa
1235 3434 1273 3477 est
1297 3442 1374 3490 quam

80 3512 149 3561 illud
168 3510 264 3560 Chaos.

155 3593 165 3625 ¹
185 3595 226 3646 Ol.
246 3597 464 3660 N‘agelabcch,
483 3598 502 3647 l.
522 3612 544 3646 c.
564 3612 590 3660 p.
611 3600 651 3646 76.

157 3677 216 3729 ²111
237 3664 300 3732 ihi.
325 3683 353 3731 V
375 3687 424 3731 aaa
439 3684 466 3731 0.

154 3763 301 3832 ε’Μεοιιρλπ
321 3719 374 3831 (σθ.
394 3769 506 3831 Becker)
525 3770 548 3827 I,
568 3773 617 3817 983
631 3769 653 3828 θ,
672 3772 705 3815 20
717 3785 772 3834 sq„-
797 3763 886 3826 θαλῆς
909 3766 1019 3840 (ἀρχὴν)
1044 3764 1112 3838 ὕδωρ
1131 3763 1196 3818 εἷναί
1213 3783 1308 3837 φησιν.
1324 3803 1330 3817 .
1345 3804 1373 3818 ..

80 3850 133 3919 τὴν
152 3849 283 3923 ὑπόληψιν
306 3852 404 3922 ταύτην
427 3852 557 3921 λαβών..
573 3890 579 3904 .
595 3851 636 3903 διὰ
660 3852 688 3903 τὸ
712 3852 814 3904 πάντων
836 3851 869 3904 τοὶ
889 3852 1022 3924 σπέρματα
1038 3852 1086 3920 τὴν
1108 3851 1180 3922 φύσιν
1198 3850 1276 3924 ὑγράν
1295 3850 1373 3924 ἔχειν,

80 3936 114 3989 τὸ
133 3933 154 3988 δ’
175 3934 244 4009 ὕδωρ
263 3937 349 4010 ἀρχὴν
365 3944 413 4008 τῆς
430 3937 530 4009 piceni<
548 3936 684 3994 εἶναιτοῖς
703 3936 797 4010 ὑγροῖς.
820 3938 867 3990 εἰσὶ
886 3938 915 3990 δέ
932 3956 996 3995 τινες
1014 3936 1039 3989 οἳ
1056 3937 1101 3988 καὶ
1118 3936 1176 3994 τοὺς
1193 3935 1375 4006 παμπαλαίους

80 4021 131 4075 καὶ
148 4020 214 4073 πολὺ
236 4023 285 4094 πρὸ
308 4029 355 4094 τῆς
377 4029 420 4075 νῦν
443 4024 567 4094 γενέσεως
589 4024 634 4076 καὶ
657 4027 774 4096 πρώτους
797 4021 1001 4093 θεολογήσαντας
1025 4020 1106 4080 οὕτως
1128 4025 1225 4078 οἴονται
1248 4023 1305 4095 περὶ
1326 4029 1375 4094 τῆς

81 4108 189 4180 φύσεως
216 4106 365 4178 ὑπολαβεῖν.
400 4106 557 4162 Ὠκεανόν
583 4127 618 4161 τε
645 4109 701 4182 γὰρ
728 4111 784 4163 καὶ
811 4106 922 4179 Τηθὺν
953 4105 1104 4179 ἐποίησαν
1129 4116 1185 4180 τῆς
1212 4109 1374 4179 γενέσεως

81 4193 232 4265 πατέρας
250 4194 308 4246 κτλ.
345 4194 480 4260 Orpheum
498 4204 524 4246 et
541 4197 683 4246 Homerum
707 4197 742 4246 ibi
762 4194 916 4244 Aristoteles
938 4195 965 4243 in
982 4203 1068 4245 mente
1090 4197 1184 4246 habere
1202 4197 1310 4246 videtur.
1341 4193 1378 4244 Of

83 4284 211 4345 Βαιιισοσ.
233 4281 252 4331 i.
273 4299 302 4331 σ.’
311 4299 341 4346 p.
362 4287 410 4332 383
430 4279 526 4352 οὐγὰρ
550 4280 704 4333 ἀποδεκτέον
722 4277 847 4349 Εὐθήμου
871 4277 996 4350 λέγοντος,
1017 4278 1056 4332 ὅτι
1075 4274 1215 4352 (Ὅμηρος)
1235 4280 1285 4332 ἀπὸ
1301 4276 1373 4331 Ὠκε-

85 4369 150 4418 ανοῦ
169 4364 214 4417 οιαὶ
232 4361 337 4436 Τηθύος
353 4363 472 4440 ἄρχεται.
919 4391 922 4394 ’
