2986 4800
720 162 759 222 56

99 375 248 453 Κέρκοαος
262 377 310 434 τοῦ
326 371 519 449 Πυθαγορείου.
548 364 603 426 Ab
620 362 770 446 Epigono
786 362 899 446 igitur,
923 383 1021 445 quem
1036 361 1260 426 Loheckius
1281 363 1381 447 suspi-

101 493 194 549 catur
217 484 357 568 primum
382 482 484 547 fuisse
510 481 729 566 Orphioorum
755 481 935 546 carminum
960 481 1182 546 ordinatorem
1206 483 1261 547 vel
1284 482 1381 546 inter·

99 605 254 690 pretem,¹
268 602 433 686 quoddam
444 601 626 687 Orphicum
644 624 784 681 carmen,
803 603 891 685 quod
907 608 978 665 erat
994 601 1189 687 inscriptum
1201 611 1287 690 Ἱερθς
1302 612 1381 689 λόγος,

101 723 238 808 Cercopi
260 725 472 808 Pythagoreo
494 721 659 785 tributum
681 729 743 786 est.
790 722 879 786 Hinc
899 721 1002 806 igitur
1022 721 1071 786 ita
1095 723 1137 787 ad
1158 721 1378 805 Theogoniam

99 851 253 936 pergunt.
300 843 409 905 istum
433 852 503 928 ἱερὸν
526 852 602 927 λόγον
625 864 692 904 non
716 841 883 905 diversum
907 863 979 905 esse
1008 843 1048 905 ab
1074 852 1152 930 ἱεροῖς
1175 852 1274 928 λόγοις,
1306 863 1379 924 quos

100 963 217 1029 Suidas
241 986 259 1026 a
280 960 447 1025 nonnullis
470 960 503 1044 (i.
528 983 555 1025 e.
575 961 723 1046 Epigono
746 968 780 1027 et
805 962 856 1041 iis,
880 961 936 1046 qui
951 965 1033 1024 'eum
1055 963 1292 1046 sequebantur)
1312 960 1388 1023 Cen

101 1083 174 1168 copi
199 1080 358 1146 vindicari
378 1081 500 1144 tradat.
536 1088 638 1168 Ἱεροὺς
659 1091 769 1145 autem
794 1092 887 1168 λόγους
907 1081 942 1146 in
966 1080 1086 1165 viginti
1108 1088 1267 1165 quattuor
1292 1083 1378 1164 rhap-

101 1202 210 1266 sodias
236 1201 383 1284 digestos
415 1223 481 1263 non
506 1200 596 1265 aliud
627 1224 698 1265 esse
724 1223 855 1266 carmen
885 1209 986 1286 atque
1010 1201 1250 1285 Theogoniam.
1298 1201 1377 1283 Ergo

100 1325 185 1386 hanc
210 1344 229 1385 a
251 1320 396 1404 Ceroope
418 1321 649 1405 Pythagoreo²
672 1321 830 1405 scriptam
852 1343 935 1386 esse.
982 1321 1043 1387 Cui
1067 1328 1180 1384 tamen
1202 1319 1376 1384 sententiae

100 1442 180 1506 mihi
196 1441 303 1504 multa
318 1440 473 1503 videntur
489 1442 633 1505 obstare.
660 1441 814 1505 Clemens
832 1442 950 1505 Αλαιι.8
975 1447 1103 1528 Ὀρφεὺς,
1118 1440 1238 1524 ἱιιγιιίθ,
1257 1449 1379 1527 pausis

99 1578 152 1632 τῶν
167 1569 262 1649 ὀργίων
283 1568 448 1648 ἱεροφαντίαν
462 1569 507 1628 καὶ
520 1575 574 1630 τῶν
595 1569 715 1630 εἰδώλων
732 1572 781 1648 τὴν
801 1569 942 1647 θεολογίαν
961 1569 1121 1648 παλινῳδίαν
1141 1568 1273 1648 ἀληθείας
1295 1563 1379 1646 είςιίγει

99 1691 144 1750 τδν
158 1690 228 1767 ἱερὸν
242 1688 324 1754 ὄντως
342 1689 392 1767 ὀψέ
407 1712 473 1749 ποτε
489 1689 563 1767 ὅμως
579 1685 599 1749 δ’
617 1687 663 1749 οὖν
678 1685 752 1767 α’,ίδων
768 1682 870 1767 λόγον’4

314 1797 457 1870 φθέγξομαι
474 1797 513 1856 οἷς
531 1796 605 1868 θέμις
624 1799 685 1852 ἐστί·
705 1798 784 1873 θύρας
803 1798 823 1852 δ’
843 1798 962 1854 ἐπίθεσθε
983 1801 1102 1871 βεβήλοις
1114 1800 1172 1853 οιτλ.

101 1903 146 1964 Et
168 1901 383 1964 Aristobulus
405 1901 491 1984 apud
514 1901 730 1965 Eusebium:⁶
759 1908 877 1990 Ὀρφεὺς
897 1913 924 1971 ἐν
943 1913 1073 1991 ποιήμασι
1091 1917 1145 1972 τῶν
1164 1912 1237 1972 κατὰ
1256 1912 1302 1972 τδν
1320 1892 1379 1988 ἱερὸν

101 2031 177 2107 λόγον
205 2027 278 2109 αὐτῷ
308 2030 457 2106 λεγομένων
480 2029 566 2096 οὕτως
590 2030 723 2091 ἐκτίθεται
746 2031 806 2108 περὶ
829 2034 877 2092 τοῦ
903 2031 1102 2109 διακρατεῖσθαι
1130 2029 1195 2109 θεία
1224 2031 1333 2109 δυνάμει
1350 2029 1379 2087 td

100 2151 207 2210 πάντα.
224 2191 231 2207 .
247 2192 254 2207 .
270 2192 277 2208 .

315 2255 457 2328 φθέγξομαι
474 2259 531 2311 οιτλ.

103 2359 291 2425 Aristobuli
306 2358 410 2440 igitur
426 2365 460 2420 et
476 2359 657 2423 Clementis
673 2369 821 2446 tempore
837 2361 895 2425 ille
911 2384 1024 2426 versus
1039 2361 1105 2426 iam
1121 2363 1275 2441 Platoni⁶
1291 2367 1378 2424 notus

103 2479 279 2562 legebatur
294 2477 327 2539 in
350 2476 491 2540 carmine
510 2485 593 2564 Ἱερὸς
607 2490 682 2566 λόγος
701 2481 872 2564 inscripto.
904 2484 953 2545 At
968 2483 1032 2546 hoc
1049 2504 1180 2546 carmen
1200 2505 1269 2546 non
1284 2482 1378 2544 Theo·

104 2597 236 2682 goniam
252 2595 365 2674 fuisse,
384 2596 441 2659 sed
457 2606 594 2684 Διαθῆκας
607 2599 661 2660 vel
671 2599 887 2680 Palinodiam,
905 2624 1004 2684 quam
1020 2609 1118 2666 vocat
1132 2597 1378 2676 Lobeckius,'

104 2716 205 2780 exiis
228 2738 310 2799 quae
326 2717 406 2800 Agl.
430 2741 462 2801 p.
486 2720 548 2780 438
565 2741 615 2800 sq.
639 2717 742 2780 allata
762 2727 840 2782 sunt
862 2720 942 2784 satis
964 2719 1178 2786 manifestum
1201 2727 1264 2785 est.
1300 2719 1379 2784 Pali·

103 2836 236 2900 nodiam
251 2818 363 2900 autem
385 2844 461 2920 post
477 2836 685 2900 Clementem
700 2837 799 2900 Alex.
816 2861 882 2901 una
904 2861 979 2902 cum
993 2841 1193 2925 Rhapsodiie
1216 2863 1258 2905 ex
1276 2847 1380 2905 vetere

103 2955 295 3040 Theogonia
311 2962 345 3018 et
360 2955 555 3040 Hieronymi
570 2955 782 3040 Genealogiis
799 2957 948 3021 conflatis
963 2959 998 3021 in
1012 2984 1114 3024 unum
1131 2983 1251 3044 corpus
1268 2958 1379 3044 Orphi-

104 3097 177 3138 cum
194 3078 465 3160 comprehensam
485 3083 519 3139 et
534 3076 703 3140 redactam
720 3077 822 3154 εοεαε,8
844 3077 932 3140 haud
948 3078 1147 3162 negaverim.
1186 3082 1232 3144 Et
1248 3079 1381 3144 fortasse

172 3296 181 3326 ¹
199 3292 224 3350 Α
243 3302 261 3350 ι.
301 3337 307 3351 .
328 3307 387 3350 340.

171 3381 181 3413 ²
200 3317 347 3435 qurhpard
366 3388 438 3452 (iiber
452 3385 574 3453 Orpheae,
588 3388 622 3437 N.
638 3385 698 3450 156)
717 3388 748 3436 de
765 3386 881 3451 Ceroope
898 3388 1002 3437 Milesio
1020 3388 1097 3437 verba
1114 3388 1185 3452 facit,
1207 3404 1285 3453 quem
1302 3396 1380 3453 aparte

4 3496 21 3516 .·
34 3490 52 3516 ·.
77 3476 154 3547 Ιἀοα
178 3471 306 3520 diversum
330 3486 386 3520 esse
404 3487 420 3520 a
437 3472 599 3536 Pythagoreo
621 3473 727 3535 putavit.
765 3471 890 3523 Similiter
907 3474 1045 3534 Ritschl‚
1069 3474 1107 3523 vir
1131 3475 1323 3536 celeberrimus,
1341 3471 1380 3537 (cl.

9 3611 11 3616 ,
102 3559 121 3607 l.
136 3543 196 3616 αἸ,
209 3556 254 3620 45)
273 3556 413 3619 aliquando
432 3559 495 3607 duos
514 3555 642 3621 Oereopes
661 3558 785 3619 confudit,
804 3574 873 3608 nunc
891 3573 951 3608 vero
971 3560 1006 3623 (I,
1021 3558 1065 3622 65)
1083 3558 1382 3609 Marckscheffelio
1402 3601 1404 3606 ,

103 3639 248 3705 (document.
269 3644 375 3693 Henioc.
394 3661 422 3708 p.
445 3647 491 3691 158
505 3643 555 3709 sq.)
580 3624 729 3692 assentiens·
745 3659 850 3707 prorsus
874 3645 987 3694 diversos
1010 3659 1066 3694 esse
1091 3646 1227 3708 antiquum
1243 3644 1379 3708 'Cercopen

80 3783 85 3794 ⁸
101 3728 239 3791 Milesium,
256 3731 357 3793 epicum
369 3737 481 3792 poetam,
495 3737 571 3792 atque
585 3728 726 3794 Cercopem
739 3729 929 3792 Pythagoreum
941 3730 1045 3780 iudicat.
1075 3731 1115 3780 Its
1133 3730 1185 3779 iam
1203 3730 1381 3788 Fabricius,

60 3823 79 3838 ·'
101 3815 172 3875 Ball.
196 3818 243 3872 θα.
257 3817 287 3874 Ἰ,
307 3816 366 3864 592.

170 3895 329 3965 ³Prorrept.
350 3918 372 3952 c.
395 3905 407 3949 7
423 3919 453 3965 p.
474 3905 506 3948 63
519 3902 589 3951 Pota
712 3961 717 3971 Ι
1216 3967 1217 3970 ¹

169 3978 181 4009 ⁴
199 3972 240 4031 df.
257 3983 393 4043 Plutarch.
415 3987 499 4052 Symp.
515 3987 534 4035 l.
548 3987 588 4044 ΙΙ,
607 3990 631 4033 3.
652 3989 683 4033 2:
701 3979 795 4035 Ἀείαω
815 3989 938 4036 eureseim
956 3983 998 4036 τδν
1015 3979 1136 4055 Ὀμφιοιδν
1153 3985 1199 4036 οιαὶ
1218 3984 1286 4057 ἱερὸν
1304 3982 1379 4053 λόγον.

56 4088 58 4092 ⁴
95 4108 97 4112 ,
170 4062 295 4131 lamp.
314 4071 365 4120 Ευ.
384 4072 467 4131 XIII,
488 4069 608 4136 ιαἀρ.
631 4075 675 4147 ιιι
696 4072 789 4130 Dina,
807 4071 841 4119 cf.
860 4072 922 4135 Αρι.
938 4088 968 4136 ρ.
989 4076 1048 4131 441,
1067 4075 1117 4119 448
1137 4072 1172 4122 N.
1193 4078 1213 4123 ο.
1244 4076 1248 4082 ·

170 4147 285 4217 ⁶Symp.
302 4169 331 4215 p.
352 4158 447 4204 21813.
489 4213 494 4220 1

171 4232 261 4300 Upi.
277 4255 306 4301 ρ.
327 4242 386 4286 449.

170 4317 260 4386 8Αρι.
277 4339 307 4386 ρ.
327 4327 387 4382 454,
407 4323 439 4371 cf.
455 4341 484 4388 ρ.
504 4330 563 4386 417,
583 4331 642 4388 ssa,
663 4330 791 4387 acatis
804 4344 842 4391 ορ.
