2986 4800
658 204 829 300 —rp—

102 405 260 489 Dysaulis
275 405 406 469 filiabus
422 405 577 483 invitata,
601 406 735 469 Baubus
751 412 843 469 tecta
858 405 949 468 subit
965 412 999 469 et
1015 407 1056 469 a'b
1078 406 1223 490 antiquis
1245 405 1389 469 hominis

101 527 164 588 bus
180 524 324 609 hospitio
341 512 512 608 accipitur.
536 525 652 588 Baubo
670 525 802 588 cinnum
818 525 960 607 oggerit,
978 526 1037 590 sed
1052 526 1115 590 dea
1128 525 1236 589 tristis
1250 532 1285 590 et
1297 547 1389 589 moe-

102 653 155 708 sta
171 651 340 708 aversatur
358 651 393 708 et
412 644 549 728 respuit.
581 644 666 707 Tum
686 643 759 722 illa,
783 667 847 726 qua
868 651 939 708 erat
959 645 1163 723 rusticitate,
1188 668 1264 710 oum
1285 667 1389 728 puero

102 787 161 827 suo
183 766 346 828 obscoene
367 763 476 827 iocata
496 764 630 827 tandem
653 784 725 826 eam
749 763 911 827 exhilarat
935 772 969 828 et
990 766 1147 848 poculum
1170 766 1200 829 ei
1223 766 1388 829 obtrudit.

102 885 184 948 Mox
206 891 374 967 pastores,
400 883 622 966 Triptolemus
647 889 682 947 et
706 862 893 962 Eubuleus,
919 885 1092 963 nuntiant,
1119 907 1201 968 quae
1226 886 1267 949 de
1292 893 1390 968 rapta

101 1003 298 1086 Proserpina
314 1003 367 1066 vel
384 1009 612 1085 compererant
627 1003 681 1065 vel
700 1002 763 1085 ipsi
785 1011 1039 1085 conspexerant,
1063 1012 1240 1088 postquam
1260 1005 1328 1068 iam
1349 1007 1389 1068 ab

102 1124 186 1186 Jove
201 1123 348 1186 Hecate¹
365 1123 427 1185 sub
446 1128 568 1185 terram
590 1122 632 1185 ad
653 1121 919 1205 investigandam
940 1145 1083 1187 sororem
1105 1123 1205 1188 missa
1225 1131 1278 1188 est
1294 1125 1388 1208 (Agl.

103 1267 136 1326 p.
154 1245 240 1323 545).
272 1240 414 1325 Accepti
429 1241 536 1306 nuntii
556 1241 665 1324 gratia
681 1242 780 1305 Ceres
796 1241 872 1306 illos
895 1242 1132 1325 agriculturam
1152 1245 1263 1308 docet.
1298 1245 1389 1308 Haeo

103 1361 206 1443 igitur
224 1361 252 1423 si
272 1361 345 1444 quis
366 1360 633 1444 perlustraverit,
659 1361 800 1424 fortasse
822 1362 1044 1426 narrationem
1065 1363 1099 1426 in
1115 1363 1249 1447 Hymno
1266 1363 1388 1426 Home-

102 1480 170 1544 rico
187 1480 389 1564 propositam
405 1481 513 1544 minus
530 1480 699 1564 antiquam
715 1480 820 1544 videri
836 1482 996 1547 censebit.
1022 1482 1153 1546 Etenim
1169 1506 1243 1548 meo
1257 1484 1388 1567 quidem

103 1600 223 1664 iudicio
241 1600 373 1684 quidam
389 1600 522 1664 nativus
539 1601 630 1664 color
653 1608 688 1664 et
708 1601 801 1683 quasi
822 1601 939 1684 robigo
955 1603 1082 1686 Orphei
1103 1603 1258 1667 relationi
1277 1604 1387 1667 inhae-

103 1727 172 1799 ret,
195 1742 278 1803 quae
300 1720 341 1783 ab
362 1719 453 1782 illius
475 1719 627 1783 carminis
649 1727 783 1783 auctore
804 1743 938 1804 prorsus
960 1723 1110 1786 abstersa
1131 1729 1194 1786 est.
1235 1725 1385 1808 Orpheus

105 1839 310 1903 Eleusinium
326 1861 442 1922 agrum
458 1862 477 1902 a
492 1838 605 1923 paucis
620 1839 809 1922 pastoribus
825 1839 960 1904 incultis
977 1849 1011 1905 et
1026 1842 1250 1925 agriculturae
1266 1843 1385 1925 ignaris

104 1959 294 2023 habitatum
315 1965 430 2042 putat,
453 1957 617 2021 Homerus
639 1958 694 2041 (H.
715 1958 749 2020 in
769 1959 842 2022 Cer.
863 1983 894 2023 v.
916 1965 956 2024 96
976 1984 1025 2043 sq.
1033 2009 1043 2039 ,
1065 1966 1126 2026 150
1146 1965 1209 2046 sq.)
1233 1963 1383 2046 oppidum

104 2077 285 2157 munitum,
302 2078 478 2161 populum,
495 2076 659 2161 principes
675 2079 785 2154 novit;
807 2078 864 2142 ille
879 2080 1051 2163 Dysaulen
1067 2087 1101 2144 et
1116 2083 1231 2146 Baubo
1248 2081 1384 2145 rusticos

105 2185 257 2281 depingit
272 2197 508 2262 homunciones
525 2219 702 2280 eorumque
719 2219 827 2260 casam
843 2201 1077 2282 pauperculam
1091 2207 1126 2263 et
1138 2201 1291 2265 cultioris
1304 2202 1384 2264 vitae

105 2317 314 2400 supellectile
330 2317 538 2394 destitutam,
554 2316 607 2379 hic
624 2316 758 2380 domum
772 2316 864 2380 Celei
880 2320 1043 2382 excelsam
1061 2326 1095 2383 et
1109 2320 1215 2403 regali
1231 2328 1385 2404 apparatu

105 2437 320 2513 instructam,
346 2435 546 2499 Metaniram
574 2443 686 2499 autem
713 2437 819 2520 magis
844 2441 968 2502 Aretae
997 2440 1049 2502 vel
1077 2441 1265 2524 Penelopae
1296 2463 1384 2523 quam

106 2555 232 2639 agresti
247 2555 459 2619 mulierculae
476 2555 617 2619 similem
633 2556 778 2632 inducit;
800 2556 857 2620 ille
874 2558 894 2619 J
896 2560 1034 2621 acchum
1050 2580 1187 2642 puerum
1202 2569 1304 2624 vocat
1318 2582 1383 2643 par·

106 2677 219 2739 vulum
227 2724 237 2754 ,
260 2676 314 2738 hic
329 2675 526 2739 verecundia
542 2675 671 2739 scilicet
686 2676 866 2756 adductus,
891 2678 1045 2760 quoniam
1062 2680 1159 2742 deum
1180 2701 1254 2742 eum
1277 2680 1382 2755 habet,

106 2796 297 2880 petulantes
318 2797 388 2880 ejus
409 2797 500 2861 iocos
520 2795 656 2871 reticet;
680 2795 737 2858 ille
757 2797 872 2860 Baubo
894 2798 985 2861 suam
1006 2797 1111 2880 ipsam
1131 2798 1271 2863 facetias
1292 2821 1383 2882 agen·

106 2923 175 2980 tem
202 2915 301 2998 fingit
328 2937 433 2998 neque
463 2914 655 2998 indignatur
684 2936 756 2992 eas,
788 2916 847 2979 sed
877 2917 1096 2999 spurcissimis
1131 2918 1241 2982 verbis
1278 2923 1382 3002 aperte

108 3042 253 3113 enarrat,
280 3035 334 3098 hic
359 3035 511 3100 ancillam
537 3018 709 3118 procacem
733 3034 767 3097 in
790 3035 901 3098 locum
925 3039 1023 3101 herae
1048 3037 1225 3102 substituit
1249 3046 1284 3101 et
1314 3036 1383 3121 quid

107 3156 224 3220 fecerit
248 3155 340 3218 nullo
366 3157 465 3218 verbo
493 3154 619 3218 indicat
627 3179 636 3231 3
666 3160 834 3237 postremo
863 3155 920 3219 ille
946 3156 1098 3221 Cererem
1124 3165 1196 3220 tam
1225 3165 1383 3242 agrestem

108 3275 203 3364 deam
219 3283 332 3360 putat,
349 3282 387 3338 ut
403 3297 475 3338 eam
492 3273 635 3359 corporis
652 3273 704 3336 sui
718 3297 815 3336 usum
831 3275 955 3358 hospiti
971 3276 1079 3340 facere
1095 3301 1160 3340 non
1175 3278 1318 3361 pudeat,
1337 3276 1381 3340 hic

107 3417 184 3459 vero
207 3395 296 3458 omni
318 3395 415 3458 modo
436 3395 516 3458 deae
536 3403 686 3480 σεμνότητα
709 3393 877 3476 praedicat
906 3395 1167 3479 significatque.8
1206 3397 1266 3461 Sin
1287 3397 1382 3460 totius

107 3515 240 3578 fabulae
256 3514 466 3598 ipsorumque
477 3512 722 3576 Eleusiniorum
737 3513 969 3597 mysteriorum
985 3515 1034 3578 vis
1050 3523 1150 3599 atque
1167 3539 1286 3580 nervus
1303 3518 1336 3580 in
1351 3537 1382 3578 eo

109 3640 504 3648 ——----..--.—--.-.-.-..-—..„

177 3685 186 3717 ¹
204 3689 300 3752 Apollo
323 3695 348 3737 et
366 3687 479 3735 Artemis
496 3686 522 3734 h.
542 3700 565 3736 e.
581 3680 696 3742 Ἕκατος
718 3694 744 3735 et
757 3681 858 3756 Ἑκάτη
884 3686 979 3737 Coram
1002 3689 1184 3754 Bacchumque
1207 3698 1383 3755 prosequentes

109 3776 186 3824 ctiam
204 3777 232 3824 in
251 3775 381 3824 nonnullis
400 3774 512 3837 antiquis
530 3774 599 3821 vasis
617 3774 680 3836 picti
698 3781 844 3835 occurrunt,
869 3774 902 3823 os.
922 3774 1078 3836 Gerhard,
1102 3778 1183 3827 Ueber
1199 3779 1242 3827 die
1260 3780 1383 3827 Aetheria·

108 3863 164 3910 rica
182 3862 241 3924 (acts
257 3865 305 3911 dea
323 3863 388 3911 Aca.
408 3863 434 3912 d.
454 3863 480 3910 lc.
500 3861 552 3910 Aa,
572 3862 599 3909 d.
625 3860 699 3909 Wics.
718 3877 749 3910 aa
767 3861 860 3910 Berlin
880 3862 971 3926 1858),
1001 3862 1062 3912 Tot.
1083 3863 1123 3922 ΙΙ,
1142 3868 1166 3923 2,
1186 3868 1215 3924 33
1241 3864 1299 3922 ΙΙΙ,
1320 3869 1342 3924 l,
1359 3866 1383 3916 ili

110 3946 160 4005 IV,
182 3952 203 3994 l.

177 4027 328 4080 'Preller
352 4032 437 4096 (Dem,
456 4052 482 4082 a.
501 4034 623 4096 Persept.
643 4049 674 4096 p.
693 4030 739 4093 48)
763 4030 893 4094 Orpheum
918 4030 1075 4081 Graecorum
1098 4033 1198 4096 mythos
1222 4034 1255 4083 ab
1279 4033 1384 4083 Homero

109 4125 134 4166 ct
156 4115 270 4166 Hesiodo
293 4118 392 4167 sincere
413 4119 520 4167 traditos
546 4118 648 4181 penitus
671 4117 815 4179 corrupisse
838 4117 902 4164 dicit
927 4131 1023 4179 cosque
1047 4119 1124 4168 unica
1147 4119 1193 4167 illa
1219 4121 1384 4186 simplicitate,

109 4204 214 4252 veritate
233 4209 259 4252 et
276 4203 350 4265 quasi
368 4203 515 4252 innocentia
530 4205 684 4253 destituisse.
723 4201 775 4251 Sed
786 4203 885 4252 videtur
902 4203 942 4251 vir
958 4204 990 4252 de
1003 4201 1103 4252 Graeca
1114 4205 1274 4270 mythologie
1292 4205 1385 4271 egreg'e

109 4291 216 4340 mantus
238 4290 276 4338 ita
298 4289 434 4350 iudicasse,
460 4290 528 4351 quod
545 4290 748 4340 Lobeckium
773 4298 875 4338 secutus
898 4290 966 4339 solos
986 4287 1145 4338 Onomaoriti
1168 4289 1276 4355 ejusque
1299 4306 1385 4354 aequa·

108 4377 171 4426 lium
189 4377 269 4425 libros
288 4374 415 4437 Orphicos
433 4375 460 4422 in
478 4384 563 4424 mente
581 4375 678 4423 habuit.
715 4374 796 4424 Vetus
815 4376 883 4423 enim
901 4375 1051 4438 Theogonis
1074 4382 1147 4424 vacat
1170 4375 1297 4438 ejusmodi
1315 4377 1383 4426 vitiis·
