2986 4800
725 213 767 273 84

106 412 139 476 in
155 435 254 476 unam
270 411 441 495 compellit
457 421 552 501 ἀρχήν,
568 412 664 474 modo
678 413 787 486 Ovum
803 414 856 478 vel
872 415 1056 477 Phanetem
1071 413 1106 475 in
1121 419 1216 477 terna
1230 412 1395 497 principia

106 532 267 611 divellit‚¹
285 531 385 594 etiam
396 532 539 596 Erebum
549 539 626 616 post
637 534 821 599 Phanetem
830 533 982 616 genitum
992 534 1034 596 ad
1044 535 1224 597 Aetherem
1236 540 1270 595 et
1281 533 1394 596 Chaos

104 675 258 717 revocare
279 652 403 736 potuit,
425 658 463 714 ut
482 651 566 734 trias
584 652 714 737 integra
736 653 922 717 exsisteret.
968 653 1132 736 Equidem
1151 652 1395 736 Hieronymum

104 797 170 853 non
185 783 255 836 tam
270 773 412 851 triades,
436 795 533 855 quam
550 773 705 857 syzygias
728 782 896 838 exuetere
914 796 1005 837 more
1019 773 1274 856 theogoniarum
1297 772 1394 836 insti-

103 894 207 957 tuisse
228 893 386 976 suspieor.
434 892 590 956 Exoritur
611 893 697 957 enim
713 893 872 976 quaedam
890 894 1161 959 contrarietatum
1184 893 1287 957 series
1303 893 1393 956 haud

103 1013 291 1091 iniucunda,
310 1013 337 1075 si
354 1014 423 1096 ejus
439 1013 652 1096 genealogias
669 1016 732 1077 hoc
749 1014 861 1078 ordine
878 1015 1076 1097 processisse
1091 1037 1211 1098 ponas:
1246 1013 1393 1077 Primum

104 1142 175 1197 erat
199 1137 297 1217 Aqua
321 1144 355 1195 et
376 1132 505 1211 Limus,
533 1133 651 1198 deinde
676 1134 818 1219 Tempus
844 1144 879 1198 et
903 1135 1023 1198 Modus
1048 1135 1156 1219 spatia
1180 1133 1394 1218 potissimum

103 1254 250 1332 finiens,²
273 1277 368 1338 porro
394 1256 519 1317 Aether
539 1253 689 1318 madidus
715 1262 750 1318 et
771 1253 880 1318 Chaos
900 1255 1006 1339 magis
1032 1277 1072 1317 ex
1096 1253 1195 1318 aridis
1217 1252 1392 1317 elementis

104 1383 272 1438 constane.
319 1375 412 1438 Quae
434 1374 491 1441 ubi
511 1373 545 1436 in
561 1374 625 1438 Ovi
647 1375 787 1457 figuram
804 1377 1014 1458 coaluerunt,
1037 1381 1135 1457 rupta
1155 1381 1246 1438 testa
1262 1374 1391 1437 coelum

105 1517 244 1578 superne
264 1504 353 1558 terra
372 1493 498 1559 inferne
520 1494 783 1573 constituuntur,
811 1517 852 1557 ex
873 1495 938 1558 Ovi
962 1501 1072 1559 autem
1095 1493 1188 1578 quasi
1209 1493 1389 1557 visceribus

40 1679 44 1688 ,
102 1615 285 1699 prorumpit
300 1617 430 1679 Phanes
454 1615 506 1678 vel
522 1615 596 1676 Lux
617 1623 651 1677 et
669 1615 747 1677 Nox
767 1615 821 1678 vel
837 1615 976 1678 Erebus,
1023 1615 1089 1679 Sed
1110 1613 1283 1678 abhorruit
1307 1613 1387 1696 ejus·

101 1735 192 1798 modi
208 1734 328 1818 opinio,
347 1757 411 1818 qua
427 1735 548 1798 Coelus
566 1741 600 1797 et
615 1735 714 1798 Terra
729 1741 838 1798 testae
854 1742 965 1818 partes
981 1736 1196 1818 putabantur,
1215 1735 1386 1797 vehemen-

101 1861 153 1917 ter
177 1877 196 1917 a
213 1855 357 1937 vulgaris
374 1855 601 1939 mythologiae
617 1854 813 1937 praeceptis.
861 1855 1071 1939 Quapropter
1086 1854 1213 1918 lactum
1237 1854 1383 1931 arbit-ror,

102 1983 140 2037 ut
155 1975 284 2057 praeter
300 1975 486 2038 naturalem
501 1982 623 2065 tepram
640 1981 674 2039 et
684 1975 812 2038 coelum
829 1975 928 2039 etiam
941 1975 987 2038 dii
997 1974 1209 2058 cognomines
1227 1975 1383 2058 fingeren-

100 2102 156 2158 tur
178 2102 212 2158 et
227 2097 386 2159 Phanetis
409 2102 444 2158 et
459 2095 594 2174 Noctis,
616 2096 752 2159 deorum
773 2103 846 2159 tum
861 2096 1129 2175 novissimorum,
1152 2094 1250 2159 liberi
1265 2115 1381 2158 nuncu·

100 2223 267 2298 parentur.
308 2215 382 2279 Quo
400 2216 488 2278 facto
505 2215 619 2279 iamin
636 2222 764 2279 veteres
781 2215 919 2280 Hesiodi
934 2216 1138 2298 aliorumque
1154 2216 1380 2297 theologorum

101 2335 236 2398 semitas
257 2337 431 2399 deflectere
454 2334 550 2398 licuit
555 2376 572 2414 ,-
592 2335 655 2398 nisi
676 2336 763 2419 quod
786 2335 945 2400 Phanetis
969 2335 1151 2419 cataposis⁸
1178 2343 1213 2398 et
1232 2335 1379 2418 Zagreus,

101 2455 120 2516 J
124 2455 193 2518 ovis
215 2463 249 2518 et
265 2455 479 2539 Proserpinae
496 2455 583 2518 filius
588 2457 618 2533 ,⁴
639 2462 716 2538 post
738 2477 877 2538 regnum
898 2456 1014 2519 aJove
1035 2464 1202 2540 arreptum
1224 2448 1378 2519 inserendi

102 2576 310 2640 videbantur.
358 2577 451 2640 Quae
468 2599 534 2639 non
550 2599 631 2660 opus
648 2581 700 2639 est
715 2582 753 2638 ut
768 2574 873 2639 fusius
890 2598 1049 2640 enarrem.
1093 2652 1094 2656 Ἰ

148 2671 150 2675 >
185 2696 373 2780 His'igitur
396 2696 552 2780 perfectis
576 2695 640 2758 iam
659 2694 829 2760 videamus
854 2697 894 2759 de
920 2704 1053 2760 auctore
1079 2703 1113 2759 et
1138 2696 1265 2780 origine
1291 2695 1376 2779 hujus

100 2817 310 2900 theogoniae.
358 2816 570 2880 Damascius⁶
590 2815 693 2899 igitur
713 2838 785 2879 eam
807 2816 1032 2900 descripturus
1048 2816 1099 2879 his
1114 2817 1224 2880 verbis
1242 2816 1374 2879 orditur:

102 2943 133 3004 ‘H
150 2949 180 3006 δὲ
194 2948 264 3006 κατὰ
278 2947 323 3006 τὸν
334 2943 488 3025 Ἱερώνυμον
503 2946 636 3024 φερομένη
652 2945 697 3004 καὶ
707 2942 874 3014 Ἑλλάνικον,
884 2943 958 3024 εἴπερ
972 2947 1011 3023 μὴ
1026 2945 1071 3004 καὶ
1085 2946 1100 3004 ὁ
1116 2945 1195 3013 αὐτός
1210 2947 1288 3019 ἐστιν,
1302 2943 1376 3005 οὕτως

102 3065 168 3148 ἔχει.
212 3058 305 3121 Quae
321 3057 369 3120 ita
384 3056 549 3140 intelligo,
573 3063 610 3118 ut
624 3056 709 3118 illud
724 3065 768 3124 καὶ
782 3061 859 3138 post
875 3056 1073 3118 vocabulum
1089 3068 1224 3144 φερομένη
1240 3054 1375 3140 positum

101 3201 181 3239 sono
200 3177 417 3260 distinguam,
440 3175 532 3259 quasi
548 3175 743 3256 Damascius
759 3175 867 3238 dicere
883 3175 1042 3253 voluerit,
1064 3175 1152 3238 tradi
1169 3175 1298 3258 quidem
1321 3194 1375 3236 non

101 3297 209 3360 solum
217 3297 453 3379 Hieronymum
464 3302 631 3358 auctorem
643 3295 740 3376 hujus
751 3293 903 3357 carminis
914 3295 972 3357 sed
983 3295 1083 3370 etiam
1093 3295 1315 3373 Hellanicum,
1327 3289 1374 3355 sed

101 3415 242 3479 fortasse
264 3415 359 3477 illum
376 3415 473 3498 hujus
489 3435 608 3477 nomen
625 3413 792 3491 ementiri,
815 3414 864 3476 ita
884 3421 921 3476 ut
942 3414 1032 3478 solus
1048 3414 1269 3497 Hieronymus
1288 3433 1373 3477 verus

169 3622 229 3674 1Ιν.
249 3643 271 3675 ο.
288 3642 317 3690 p.
338 3629 396 3673 380.

168 3707 240 3760 ²1o.
256 3729 286 3775 p.
307 3715 370 3758 381:
398 3705 512 3760 Σονεῖνοιι
537 3709 566 3761 δὲ
590 3707 662 3779 αὐτῷ
688 3710 754 3774 (scil.
774 3704 878 3781 Χρόνῳ)
903 3707 950 3778 τὴν
972 3705 1115 3780 Ἀνάγκην,
1141 3709 1213 3779 φύσιν
1238 3708 1315 3762 οὖσαν
1336 3706 1374 3774 τὴν

101 3791 181 3864 αὐτὴν
199 3797 243 3847 καὶ
259 3792 427 3867 Ἀδράστειαν
446 3795 582 3863 ἀσώματον
602 3795 806 3866 ὀιωρνοιωμένην
825 3795 851 3846 ἐν
869 3795 943 3846 παντὶ
960 3799 998 3866 τῷ
1010 3794 1099 3864 κόσμῳ
1112 3804 1164 3848 τῶν
1176 3797 1294 3867 περάτων
1307 3793 1373 3845 αὐτοῦ

102 3880 288 3951 ἐφαπτομένην.

170 3963 324 4032 8Αίὶιοναοιρ.
345 3970 363 4020 l.
384 3988 406 4020 c.
433 3965 478 4026 Τίς
501 3968 531 4021 ἂν
554 3999 580 4006 -
601 3969 645 4022 τὸν
666 3965 775 4039 Φάνητοι
800 3968 898 4030 δέξαιτο
924 3998 952 4007 -
979 3967 1158 4040 καταποθῆναι
1183 3968 1232 4022 ὑπὸ
1253 3975 1298 4021 τοῦ
1316 3963 1373 4024 Διὸς,

102 4049 171 4108 ὅπως
189 4050 201 4102 ὁ
221 4049 287 4109 Ζεὺς
305 4054 446 4125 ἀχώριστοι
463 4055 567 4124 γένοιτο.
1058 4097 1079 4113 -.
1145 4093 1148 4096 ·

167 4135 324 4203 ‘Artenam
344 4142 389 4200 it„
408 4142 440 4190 cf.
460 4161 482 4191 c.
503 4147 535 4190 28
551 4161 580 4207 p.
601 4146 632 4190 32
654 4143 683 4200 O,-
703 4146 779 4206 3211.
800 4144 886 4192 3611.
922 4143 1042 4191 Fortasse
1061 4142 1137 4191 etiem
1156 4142 1235 4192 verba
1252 4142 1287 4206 (e.
1309 4146 1335 4188 14
1348 4155 1373 4202 ρ.

103 4229 133 4272 13
151 4225 203 4287 Ε);
230 4218 367 4293 Ἀθηναῖοι
386 4221 485 4277 Κελεὸν
508 4227 552 4277 καὶ
571 4222 729 4298 Μετάνειραν
747 4223 860 4296 ἵδρυνται
877 4215 952 4282 θεούς
975 4229 1007 4276 ad
1027 4226 1122 4290 Orphei
1146 4228 1233 4276 locum
1257 4229 1373 4290 spectant

102 4309 263 4372 Quamquam
283 4326 329 4374 pro
349 4308 427 4360 Celso
447 4320 472 4362 et
488 4314 617 4362 Metanira
633 4313 717 4376 magis
735 4312 867 4375 Dysaulen
886 4320 911 4360 et
929 4313 1019 4362 Baubo
1038 4314 1220 4376 expectaveris.

169 4394 229 4448 ὗΙι.
250 4415 271 4447 c.
288 4415 318 4463 p.
338 4401 397 4447 381.
